3104 5078
680 285 896 348 ..16-

202 443 314 522 derint,
345 465 404 504 uon
434 446 613 522 affligamur.
663 446 721 504 Sed
749 448 867 507 etiamsi
895 449 922 509 εἰ
947 447 1088 529 ἐθέλομεν
1114 445 1301 511 κινδυνεύειν
1329 455 1380 513 hic

202 541 280 600 idem
303 542 367 601 fere
395 545 512 604 valeret
538 546 628 620 atque
656 537 697 621 ἢν
719 540 955 623 κινδυνεύωμεν,
981 552 1105 626 propter
1128 568 1164 608 ea
1186 568 1263 624 quae
1285 552 1380 611 modo

201 632 392 714 exposdimus
428 661 488 700 non
523 643 631 700 iustior
667 642 764 702 videri
796 644 919 703 deberet
950 646 1014 705 eius
1051 647 1240 722 vituperatio
1295 647 1380 706 Nam

201 738 422 818 περιγίγνεσθαι
444 740 500 799 hoc
522 741 587 799 loce
611 740 715 799 eadem
734 742 850 801 ratione
868 744 1000 818 positum
1018 749 1175 820 essetque
1193 744 1266 803 locis
1285 747 1378 805 modo

201 839 372 896 memoratis
401 837 527 912 simplex
554 837 718 916 γίγνεσθαι.
768 838 890 898 Summa
918 843 1012 917 igitur
1040 843 1128 901 huius
1159 845 1378 920 disputationis

201 935 272 993 haec
291 938 338 994 est
357 940 391 993 ut
409 934 607 1010 Thucydides,
632 935 658 992 si
676 954 817 1010 praesens
836 940 866 998 vi
889 940 1014 1014 perfecti
1036 941 1216 1001 iustruotum
1238 946 1378 1017 praeter-

200 1033 369 1110 mittamus,
396 1028 546 1111 praesenti
572 1035 707 1107 tempere
735 1054 789 1109 pro
815 1036 916 1095 futuro
940 1057 1000 1096 non
1022 1058 1095 1097 usus
1119 1057 1184 1098 esse
1208 1041 1389 1100 censendus

200 1130 240 1188 sit
260 1131 320 1189 nisi
342 1132 373 1189 in
396 1130 496 1190 verbis
519 1148 595 1205 quae
618 1131 732 1206 aliquid
752 1133 817 1192 fieri
835 1134 977 1212 indicant,
1000 1137 1031 1194 iu
1049 1137 1157 1211 quibus
1176 1138 1250 1212 ipsis
1270 1139 1380 1215 aliqua

199 1228 318 1287 futurae
341 1229 386 1286 rei
408 1229 490 1288 notio
513 1229 616 1287 lateat.
624 1221 650 1309 ¹)

217 1359 413 1367 ——-—-·-—.-..

271 1427 295 1493 1)
316 1425 401 1480 Suam
419 1425 476 1479 vim
496 1426 582 1480 habet
599 1443 729 1494 praeseus
748 1426 778 1480 in
797 1428 912 1482 deorum
930 1433 959 1485 et
973 1434 1067 1485 vatum
1084 1432 1238 1502 praesagiis
1253 1431 1372 1500 (Herod.

197 1504 249 1557 VII
265 1511 323 1561 140.
344 1511 403 1559 141.
427 1504 492 1558 VIII
507 1511 548 1559 77.
576 1504 661 1562 Arist.
676 1508 745 1575 Equ.
761 1513 820 1560 127.
839 1514 897 1562 129.
914 1516 964 1564 135
976 1515 1035 1579 sq),
1055 1511 1104 1579 qui
1123 1512 1217 1565 futura
1234 1517 1376 1581 tanquam

197 1585 357 1654 praesentia
379 1583 484 1638 vident.
522 1586 586 1638 Non
608 1585 788 1640 adfuturum
811 1588 921 1656 tempus
945 1591 1055 1658 spectat
1079 1589 1208 1660 ἔρχονται
1226 1590 1311 1646 Thuo.
1333 1593 1377 1647 VI

196 1672 239 1733 40,
259 1672 275 1718 2
295 1665 344 1719 ιιαλ
363 1663 391 1718 εἰ
408 1662 537 1734 ἔρχονται
559 1659 715 1733 Ἀθηναῖοι,
739 1661 889 1736 ἀμυνεῖται
913 1663 1030 1736 αύτούς,
1055 1688 1118 1724 oum
1138 1671 1323 1726 Athenienses
1342 1673 1376 1728 in

196 1746 297 1800 itinere
317 1763 377 1800 esse
395 1745 454 1798 iam
472 1747 556 1799 autea
575 1744 612 1815 (V
613 1745 626 1796 Ι
641 1748 682 1812 32,
698 1748 725 1816 3)
744 1746 905 1801 nuntiatum
924 1750 968 1803 sit.
999 1749 1135 1804 Similiter
1153 1749 1222 1806 Xen.
1243 1752 1304 1820 Cyr.
1320 1753 1377 1806 VIl

198 1834 222 1894 1,
241 1833 276 1879 20
295 1823 347 1880 ἐπί
361 1845 392 1895 χε
412 1820 529 1888 τούτους
549 1821 603 1894 ἔχω
627 1821 714 1889 αὐτὸς
736 1825 911 1898 παρέρχομαι
934 1829 980 1898 (cf.
1000 1829 1110 1899 παριών
1128 1837 1143 1896 5
1164 1833 1208 1899 19)
1233 1834 1262 1885 et
1280 1831 1373 1888 Auab.

196 1909 234 1961 IV
251 1914 275 1974 7,
289 1914 305 1961 3
320 1908 353 1978 τῇ
368 1903 424 1976 yde
438 1906 553 1980 στρατιᾷ
569 1901 621 1958 ode
637 1903 695 1959 ἔστι
713 1902 747 1960 τά
766 1903 921 1977 ἐπιτήδεια,
943 1908 970 1963 εἰ
987 1907 1024 1979 μὴ
1043 1907 1198 1980 ληψόμεθα
1217 1907 1248 1964 τό
1268 1913 1373 1979 χωρίον

196 1988 241 2055 (ci.
261 1993 276 2052 ς
298 1995 311 2041 1
331 1983 365 2040 τὰ
386 1982 533 2054 ἐπιτήδεια
553 1982 688 2054 ἐπέλιπε).
725 1986 829 2041 Contra
846 1987 926 2042 Hom.
946 1990 978 2045 Il.
998 1989 1036 2041 XI
1055 1997 1114 2044 365.
1134 1995 1187 2043 454
1211 1986 1322 2055 ἐξανύω
1343 1995 1375 2045 et

196 2063 323 2136 ἐρύουσι,
347 2084 409 2121 cum
429 2066 578 2119 ebrevem
598 2066 732 2133 habeant,
757 2066 851 2121 futura
874 2069 940 2121 sunt
962 2085 1013 2137 pro
1033 2065 1159 2135 ἕξανόσω
1179 2072 1208 2124 et
1227 2065 1368 2136 ἒρόσουσι.

194 2146 292 2215 Neque
315 2148 371 2200 huc
394 2144 536 2215 pertinent
558 2146 689 2200 infinitivi
710 2146 867 2215 praesentis
891 2151 1020 2218 exempla
1042 2167 1060 2203 a
1080 2149 1172 2204 verbis
1192 2149 1303 2204 dicendi
1323 2153 1371 2207 vel

194 2228 312 2296 putandi
331 2226 479 2297 pendentis
499 2241 570 2293 quae
587 2224 701 2278 volendi
716 2228 884 2281 sententiam
900 2232 1118 2298 assumpserunt,
1137 2229 1219 2282 velut
1233 2231 1256 2282 si
1271 2231 1370 2284 δονεῖν

195 2309 394 2375 decernere,
413 2305 506 2375 λέγειν
524 2306 641 2359 iubere
660 2306 683 2372 (Ι
703 2311 744 2372 78,
764 2312 789 2362 4.
816 2307 855 2359 IV
869 2314 894 2375 2,
910 2311 937 2378 3)
957 2309 1040 2366 valet.
1069 2310 1109 2364 cf.
1129 2309 1194 2362 VIII
1213 2316 1255 2376 93,
1275 2317 1299 2377 2,
1320 2310 1372 2365 ubi

193 2385 322 2455 λέγοντες
341 2387 482 2456 duplicem
501 2385 559 2438 vim
577 2385 677 2453 habet,
702 2386 819 2440 alteram
842 2388 879 2440 ad
897 2389 1050 2443 infinitivos
1069 2389 1156 2443 futuri
1175 2390 1223 2457 qui
1242 2391 1369 2459 proxime

194 2469 355 2536 sequuntur,
374 2467 493 2522 alteram
507 2467 543 2519 ad
558 2462 711 2519 infinitivos
726 2468 881 2534 praesentis
896 2472 925 2523 et
940 2469 1039 2523 aorieti
1053 2468 1102 2535 qui
1119 2468 1219 2524 deinde
1238 2471 1373 2539 leguntur

192 2549 298 2617 aptam.
335 2545 442 2601 Eodem
461 2548 545 2603 modo
570 2547 726 2616 explicatur
745 2549 784 2603 VI
803 2553 881 2613 88‚6
906 2547 981 2603 ἔστιν
1005 2540 1044 2602 ὧν
1068 2546 1179 2602 πόλεων
1204 2546 1373 2619 ἐπαγγελλο-

192 2627 286 2698 μένων
305 2628 354 2682 ααλ
373 2623 468 2682 αὐτῶν
487 2629 684 2698 ξυμπολεμεῑν,
702 2629 720 2682 i.
741 2645 764 2682 e.
785 2645 848 2683 cum
867 2629 975 2698 aliquot
993 2631 1076 2684 urbes
1095 2629 1180 2682 etiam
1200 2646 1250 2682 sua
1269 2634 1370 2698 sponte

193 2727 226 2762 se
241 2711 382 2779 paratos
397 2724 471 2762 esse
485 2710 682 2779 profiterentur
696 2710 731 2763 ad
746 2710 852 2764 bellum
863 2709 1048 2764 communiter
1057 2709 1217 2778 gerendum.
1244 2708 1284 2762 cf.
1296 2710 1370 2768 Plat.

193 2789 277 2844 Lach.
299 2794 348 2843 189
359 2789 386 2842 b.
406 2788 489 2858 Gorg.
509 2794 562 2843 468
574 2788 600 2842 d.
626 2789 713 2859 Legg.
733 2796 819 2844 915a.
851 2789 986 2844 Similiter
1004 2785 1037 2843 οὗ
1058 2785 1150 2857 φάναι
1168 2805 1369 2857 nonnunquam

191 2886 351 2924 recusare
361 2868 448 2934 valet,
457 2870 536 2922 velut
546 2869 613 2922 Xen.
623 2868 711 2922 Anah.
720 2869 759 2922 IV
768 2876 792 2938 5,
803 2877 836 2923 15
846 2865 898 2924 οόιι
910 2868 1022 2937 ἔφασαν
1031 2868 1217 2937 πορεύεσθαι,
1228 2870 1302 2937 quod
1313 2887 1369 2924 non

192 2949 334 3018 significat
359 2950 398 3004 ‘se
417 2950 592 3019 profecturos
611 2965 672 3004 esse
691 2950 855 3018 negabant’,
879 2951 927 3004 sed
955 2949 1104 3019 ‘proficisci
1126 2950 1315 3017 recusabant',
1339 2954 1370 3005 et

192 3028 254 3098 Lys.
274 3029 339 3082 XIII
360 3035 400 3084 15.
421 3036 464 3083 47.
484 3028 582 3097 Neque
601 3028 686 3082 aliter
705 3029 886 3099 distinguitur
904 3031 983 3084 Deru.
1002 3029 1093 3082 XXIII
1113 3036 1164 3083 170
1183 3024 1286 3099 ὀμόσαι
1305 3073 1312 3085 .
1333 3072 1339 3083 .
1361 3071 1367 3083 .

192 3107 265 3163 εἶναι
286 3109 338 3179 μὲν
357 3106 409 3178 τὴν
428 3105 518 3178 ἀρχὴν
537 3105 636 3177 κοινὴν
657 3153 663 3163 .
684 3153 689 3164 .
711 3151 727 3176 .,
747 3106 856 3172 πάντας
874 3105 902 3162 δ’
923 3105 991 3179 ύμῖν
1011 3105 1172 3164 ἀποδοῦναι
1191 3107 1243 3178 τὴν
1261 3105 1365 3178 χώραν,

191 3191 209 3245 i.
234 3206 258 3244 e.
281 3189 474 3244 iuramento
499 3189 633 3244 sancire
658 3192 690 3243 ut
712 3190 860 3258 imperium
884 3207 1031 3246 commune
1056 3191 1093 3244 eit
1116 3191 1145 3244 et
1168 3205 1263 3243 omnes
1287 3189 1367 3244 vobis

190 3273 294 3324 terram
313 3271 440 3336 reddant3
461 3287 580 3338 quocum
600 3269 634 3326 cf.
655 3271 736 3326 Hom.
757 3269 807 3324 Od.
827 3270 865 3324 IV
885 3277 945 3340 254,
965 3273 994 3325 et
1012 3271 1080 3325 Xen.
1100 3269 1233 3325 Hister.
1250 3269 1315 3338 114,
1332 3274 1366 3322 30

190 3345 410 3420 ὀμόσαντες...
429 3349 467 3420 μὴ
488 3347 717 3420 μνησικακήσειν,
735 3351 754 3406 i.
775 3368 797 3406 e.
817 3351 925 3405 iurati
944 3370 973 3406 se
993 3352 1131 3405 malorum
1154 3365 1211 3402 non
1229 3349 1366 3403 memores

190 3429 248 3484 fore
267 3434 341 3498 (nom
368 3432 553 3498 schwdren,
579 3430 653 3484 dass
672 3433 779 3486 etwas
799 3432 871 3485 sein
890 3432 968 3499 eoll,
991 3431 1179 3497 schwdren,
1198 3427 1272 3482 dass
1291 3446 1365 3482 man

189 3514 294 3564 etwas
313 3511 397 3564 thun
416 3509 519 3579 wird).
549 3509 671 3564 Verbum
691 3506 831 3579 εὔχεσθαι
848 3514 943 3566 autem
962 3512 1047 3566 etiam
1065 3510 1115 3562 ubi
1133 3510 1300 3577 spondere
1319 3513 1364 3564 est

189 3593 303 3660 propter
321 3592 447 3646 nativam
466 3590 596 3659 cupiendi
614 3591 672 3645 vim
687 3593 716 3644 et
729 3592 804 3658 quod
822 3591 885 3661 ipsa
903 3587 1017 3660 sponsio
1035 3586 1190 3642 voluntatis
1209 3589 1362 3643 declaratio

188 3673 233 3725 est
255 3671 426 3740 aliquotiens
450 3689 513 3726 cum
538 3669 586 3725 inf.
609 3687 698 3739 praes.
723 3672 833 3740 (Aesch.
857 3673 909 3740 Ag.
929 3672 992 3738 933)
1023 3670 1072 3722 aut
1095 3667 1192 3722 acristi
1221 3670 1313 3737 (Hom.
1333 3669 1363 3722 Il.

188 3751 279 3805 XVIII
293 3759 355 3807 499.
369 3754 438 3808 Xen.
458 3751 562 3821 Cyneg.
578 3759 603 3819 6,
623 3753 666 3821 13)
685 3751 819 3819 iungitur,
839 3768 901 3805 oum
921 3751 1085 3821 plerumque
1103 3746 1258 3801 infinitivus
1277 3748 1364 3801 futuri

188 3834 329 3899 sequatur.
364 3835 395 3886 In
414 3833 499 3902 Soph.
520 3832 576 3887 OR.
597 3839 648 3886 269
659 3850 718 3900 sqq.
739 3833 780 3884 ita
798 3832 923 3885 iunctum
943 3832 987 3885 est
1004 3848 1067 3884 cum
1086 3829 1135 3883 inf.
1155 3843 1243 3897 praes.
1265 3828 1293 3879 et
1312 3825 1362 3881 fut.

187 3915 219 3967 ut
243 3929 306 3966 cum
329 3913 379 3967 illo
402 3912 552 3982 precari,
576 3931 639 3966 cum
668 3913 721 3965 hoo
750 3910 917 3979 spondere
945 3909 1092 3978 significet.
1131 3906 1223 3959 Verba
1247 3908 1363 3974 promit-

187 3993 265 4047 tendi
285 3995 315 4046 et
333 3992 463 4061 sperandi
482 4010 544 4047 cum
565 3995 663 4061 suapte
683 3993 783 4044 natura
801 3990 838 4044 ad
856 3991 964 4042 futuras
982 4004 1026 4041 res
1050 3986 1186 4054 spectent,
1205 4003 1269 4039 cum
1287 3989 1362 4041 nudo

186 4072 325 4128 infinitivo
353 4089 443 4143 praes.
470 4075 520 4126 aut
547 4089 603 4127 aor.
632 4071 712 4140 iungi
740 4071 888 4139 nequeunt.
932 4066 1002 4121 Cum
1025 4065 1070 4120 his
1094 4061 1216 4129 ἐλπίζειν
1239 4070 1361 4136 putare

188 4155 233 4224 (cf.
248 4154 349 4208 Aesch.
365 4152 441 4222 Sept.
458 4159 500 4207 76.
519 4153 584 4206 Eur.
600 4152 660 4221 lph.
675 4151 706 4204 Τ.
724 4154 812 4217 1016),
830 4146 1032 4216 ὑπισχνεῖσθαι
1049 4144 1213 4214 profiteri
1232 4146 1276 4214 (cf.
1292 4147 1361 4203 Xen.

185 4232 301 4288 Memor.
320 4234 332 4286 I
352 4241 376 4301 2,
396 4241 420 4289 3.
445 4233 535 4288 Anab.
555 4232 607 4286 Vll
626 4239 650 4298 6,
669 4236 711 4286 38.
739 4231 811 4283 Plat.
830 4227 905 4282 Prot.
925 4232 976 4281 319
987 4229 1015 4295 a)
1040 4224 1124 4280 valet.
1160 4222 1259 4293 Neque
1279 4227 1362 4284 ahter

187 4311 307 4383 ἔλπομαι
330 4314 404 4384 apud
428 4313 580 4367 Homerum
604 4312 650 4380 (cl.
674 4311 705 4363 Il.
730 4309 796 4363 XlIl
820 4315 880 4363 309,
908 4307 959 4362 Od.
979 4304 1070 4358 XXIII
1088 4307 1151 4373 346)
1189 4305 1262 4361 Nam
1287 4309 1361 4364 male

186 4393 278 4449 Madv.
293 4393 322 4446 in
336 4393 407 4447 Adv.
423 4393 483 4447 crit.
500 4392 513 4444 Ι
527 4412 553 4461 p.
571 4398 631 4461 179,
647 4398 661 4444 1
677 4393 730 4446 hoc
744 4391 859 4445 verbum
874 4389 909 4442 ad
924 4404 984 4441 rem
999 4384 1121 4439 futuram
1136 4390 1263 4453 spectare
1278 4390 1362 4456 putat
