3104 5078
675 320 889 383 ‚62-

193 485 329 559 plaribus
362 506 386 543 ει
420 488 450 543 66
483 508 502 563 η
535 484 674 542 distincte
706 485 847 558 poterant
879 484 990 559 scripta
1023 503 1088 543 esse
1117 485 1208 561 idque
1235 486 1376 546 animad-

193 585 311 640 vertere
338 581 528 658 grammatici
556 580 764 655 Alexandrini,
797 601 832 639 ex
866 600 992 656 quorum
1022 582 1157 640 doctrina
1184 584 1374 658 posteriores

143 682 149 693 ”
193 698 248 738 sua
270 699 412 756 magnam
435 683 552 757 partem
575 680 749 738 hauserrmt.
796 679 901 753 Neque
925 679 1208 738 contradicendum
1231 683 1279 739 est
1301 680 1373 739 ille-

193 777 328 853 gItimam
352 779 428 836 hanc
451 797 516 837 esse
540 798 586 836 εαι
608 777 757 837 vocalium
781 777 1021 836 contractionem.
1068 776 1145 834 Nam
1168 777 1256 835 hodie
1279 795 1373 837 nemo

193 877 241 933 est
268 875 319 951 qui
346 875 460 935 nesciat
488 877 634 953 quantum
661 875 692 932 in
723 874 835 933 talibus
867 878 1006 950 grassata
1038 874 1077 934 eit
1109 875 1187 934 falsa
1218 875 1373 950 analogia,

193 975 223 1030 ct
246 973 450 1048 distinguendi
474 992 564 1033 causa
588 972 746 1032 secundam
769 992 847 1048 pers.
868 973 943 1049 sing.
963 972 1116 1032 indicativi
1136 976 1167 1032 et
1185 972 1372 1033 coniunctivi

192 1070 281 1129 medii
308 1072 357 1131 vel
385 1073 497 1148 passivi
525 1072 562 1130 ad
592 1071 817 1130 similitudinem
846 1073 956 1131 tertiae
983 1072 1058 1148 sing.
1082 1071 1141 1131 ind.
1165 1074 1196 1130 et
1219 1070 1380 1130 coniunct-

192 1168 283 1229 activi
305 1170 485 1229 formabant.
525 1169 758 1244 inscriptionum
782 1172 918 1245 exempla
939 1170 1046 1245 quibus
1070 1188 1118 1228 res
1143 1169 1371 1227 demonstretur

189 1285 250 1326 non
273 1270 400 1326 exstant.
448 1266 538 1343 Apud
562 1258 734 1341 Thsigitur
757 1267 959 1341 recipiendum
984 1271 1030 1326 est
1053 1259 1123 1346 ἡγεῖ
1145 1266 1184 1324 VI
1210 1268 1260 1341 14,
1287 1269 1302 1324 1
1330 1286 1370 1325 ex

191 1364 254 1422 Pal.
273 1369 304 1423 et
319 1364 378 1440 Gr,
398 1363 615 1424 emendandum
633 1355 760 1446 ὑπισχνῇ
775 1363 790 1420 Ι
807 1367 879 1438 129,
895 1368 923 1426 3.
956 1365 1125 1424 Verborum
1144 1367 1371 1423 contractorum

190 1463 351 1538 singularis
380 1463 440 1537 opt
469 1480 563 1537 praes.
593 1461 689 1519 forma
712 1461 816 1520 Attica
842 1463 873 1519 in
899 1484 951 1539 ην,
979 1485 1029 1540 ης,
1056 1485 1076 1540 η
1104 1463 1165 1520 exit
1193 1481 1289 1537 eaque
1310 1462 1369 1520 Th.

189 1561 412 1637 ubiqueusum
436 1579 502 1618 esse
531 1561 666 1634 apparet.
713 1559 774 1616 Eae
799 1560 878 1618 enim
901 1581 969 1619 cum
992 1561 1067 1621 satis
1091 1562 1261 1636 frequentes
1286 1562 1371 1636 apud

189 1678 256 1715 eum
287 1658 359 1734 sint,
388 1675 554 1733 perpaucae
586 1658 702 1714 restant
729 1677 806 1733 quae
834 1659 1040 1719 emendatione
1068 1660 1186 1735 egeant.
1230 1657 1309 1716 Nam
1336 1658 1371 1717 ΙΙ

190 1759 240 1832 79,
272 1759 290 1815 9
325 1754 428 1833 δοκοίη
460 1756 490 1813 in
518 1775 557 1814 m.
587 1757 645 1829 est,
677 1752 721 1811 IV
751 1757 823 1831 105,
855 1759 869 1814 1
901 1757 964 1816 Pal.
997 1776 1050 1832 pro
1078 1759 1249 1834 αροσχωροῖ
1274 1755 1371 1814 habet

188 1852 367 1931 προχωροίη,
391 1855 470 1912 unde
493 1855 579 1928 patet
600 1851 786 1930 προσχωροίη
810 1854 971 1930 legendum
995 1873 1075 1932 esse,
1099 1853 1187 1924 δοκοῖ
1205 1854 1237 1911 In
1260 1852 1369 1931 δοκοίη

188 1952 397 2027 corrigendum
425 1953 473 2012 est
500 1952 531 2009 ΙΙ
559 1953 630 2027 100,
655 1954 683 2010 6.
711 1951 758 2008 III
788 1953 838 2024 16,
868 1957 896 2011 1.
943 1954 1086 2030 Tragicos
1114 1953 1219 2026 poetas
1248 1954 1369 2010 constat

189 2050 300 2109 alteras
324 2051 436 2109 formas
461 2068 630 2125 quanquam
653 2050 751 2107 rarius
778 2048 933 2109 admisisse
961 2042 1012 2130 (cf.
1036 2050 1143 2109 Aesch.
1167 2050 1265 2109 Prcm.
1290 2051 1368 2108 978.

189 2150 245 2225 Ag.
271 2151 365 2208 1328.
394 2146 482 2222 Soph.
506 2147 552 2205 Ai.
578 2148 651 2204 314.
680 2144 738 2205 00.
762 2148 835 2206 405.
861 2150 934 2207 505.
961 2151 1054 2208 1769.
1084 2148 1156 2206 Ant.
1180 2148 1253 2206 552.
1287 2146 1368 2204 Phil.

189 2250 261 2307 671.
292 2249 364 2307 895.
396 2247 490 2305 1044.
525 2245 593 2302 Eur.
618 2244 760 2303 Androm.
787 2247 858 2304 679.
893 2244 957 2304 Η61.
989 2248 1059 2305 157.
1093 2245 1181 2320 Hipp.
1206 2246 1280 2302 336.
1314 2243 1368 2303 Or.

190 2336 301 2424 1517),
324 2343 433 2419 quihus
457 2342 560 2401 comici
583 2360 705 2416 prorsus
724 2343 943 2401 abstinuerunt.
981 2342 1025 2402 df.
1045 2343 1160 2401 Wechl.
1180 2340 1247 2399 Our.
1268 2341 1367 2417 epigr.

187 2462 214 2515 p.
240 2445 280 2500 33
308 2440 447 2499 Rutherf.
477 2439 514 2498 ad
538 2440 648 2515 Phryn.
676 2460 704 2514 p.
730 2441 793 2497 442
805 2460 867 2517 sqq.
914 2440 1020 2515 Neque
1048 2440 1146 2499 minus
1175 2443 1289 2498 certum
1318 2445 1368 2499 est

188 2521 391 2615 optativcrnm
414 2539 446 2596 In
468 2560 507 2615 qv
530 2536 650 2596 du'alem
673 2541 703 2596 66
725 2539 874 2613 pluralem
897 2557 916 2596 a
942 2538 1095 2598 veteribus
1119 2536 1228 2595 Atticis
1253 2536 1367 2611 ubique

187 2641 374 2696 contractum
394 2656 467 2696 esse.
498 2637 674 2693 Formarum
694 2636 772 2694 enim
793 2637 960 2694 solutarum
979 2637 1116 2712 exempla
1132 2635 1212 2710 apud
1231 2633 1366 2709 Aeschy-

186 2736 249 2794 lum
274 2739 304 2794 et
327 2735 503 2811 Sophoclem
526 2734 610 2792 nulla
634 2734 747 2792 tradita
771 2737 853 2811 sunt,
881 2734 912 2791 in
939 2752 998 2794 unc
1021 2733 1255 2809 Aristophaneo,
1287 2732 1365 2792 nan.

190 2835 283 2908 1448,
299 2835 420 2908 recepta
433 2833 495 2892 cod.
511 2831 581 2890 Van.
598 2832 746 2907 scriptura
760 2827 886 2893 τούτοισι
900 2825 1093 2912 χρησαίμεσθ’
1111 2830 1181 2904 ἴσως
1195 2828 1365 2907 σωθείημεν

63 2930 68 2939 ’
187 2926 225 2990 dv
258 2925 474 3010 (χρησαίμεσθα
507 2931 615 2989 omisso
649 2929 718 3002 ἴσως
751 2928 837 3010 Rau.)
872 2934 1000 2990 metrum
1033 2934 1180 3008 σωθεῖμεν
1213 2930 1364 3006 postulat;

186 3029 246 3087 tria
268 3030 430 3104 Euripidea
453 3032 586 3087 correcta
610 3031 692 3104 sunt,
720 3029 788 3087 Hel.
814 3031 899 3089 1010
923 3023 1096 3107 ἀδικοίημεν
1118 3023 1157 3088 ι’ίν
1185 3047 1203 3086 a
1227 3028 1362 3086 Pcrsono

187 3129 218 3184 in
231 3120 370 3204 ἀδικοίην
383 3150 432 3187 νιν
445 3122 493 3202 dr,
514 3126 594 3203 Cyol.
612 3128 675 3185 143
696 3121 833 3207 δρῴημεν
846 3120 888 3198 ‚dv
901 3127 932 3185 in
947 3126 1117 3210 ξυνδρῷμεν
1131 3121 1170 3185 dv
1183 3144 1202 3184 a
1215 3125 1363 3202 DawesiO,

186 3224 248 3285 Ion.
269 3228 332 3285 943
353 3224 483 3303 φαίημεν
501 3218 540 3283 ἅν
558 3224 589 3282 in
608 3223 777 3302 ξνμφαῖμεν
795 3218 834 3283 dv
853 3243 871 3282 a
889 3223 1051 3301 Dindorfio,
1074 3227 1165 3300 atque
1188 3224 1219 3282 in
1243 3224 1361 3282 duobus

185 3324 345 3399 postremis
369 3324 511 3399 exemplis
534 3324 601 3398 ipsa
625 3324 773 3382 sententia
795 3324 959 3398 composita
979 3325 1122 3399 postulat.
1160 3320 1361 3382 0613666661

185 3422 224 3478 ad
247 3422 357 3498 Phryn.
382 3442 410 3496 p.
435 3424 497 3480 451
510 3441 574 3496 sqq.
618 3420 782 3481 Verissime
806 3422 900 3496 igitur
923 3423 1097 3481 Heraclides
1123 3420 1257 3479 Milesius
1281 3420 1361 3495 apud

185 3519 324 3577 llustath.
347 3538 375 3593 p.
402 3521 496 3594 1907,
521 3520 561 3576 45
587 3510 709 3597 (fragm.
729 3522 770 3578 47
796 3520 874 3594 apud
899 3518 1045 3578 Ochum
1068 3518 1152 3577 Stud.
1175 3517 1306 3577 Berolin.
1331 3508 1361 3596 I)
1437 3520 1440 3526 '

184 3609 326 3694 ἡᾶρχαία
341 3609 440 3686 Ἀτθὶς
454 3608 488 3674 τὰ
507 3609 624 3674 εὐκτικὰ
646 3609 800 3694 συμκόπκει
818 3609 881 3675 κατ’
899 3613 1041 3695 ἐξαίρεσιν
1059 3618 1128 3693 μιᾶς
1146 3616 1359 3694 συλλαβῆς...

184 3718 384 3793 κοσμηθεῑμεν
406 3710 455 3773 καί
479 3713 681 3791 διακριθεῖμεν
703 3711 753 3773 καί
776 3706 856 3792 είμεν
879 3709 1009 3792 λέγοντες
1030 3712 1081 3773 καὶ
1103 3707 1137 3773 τὰ
1160 3706 1272 3774 τούτων
1294 3707 1360 3772 δεύ-

184 3835 251 3891 τερα
273 3817 448 3892 κοσμηθεῖτε
471 3810 521 3872 καί
544 3812 721 3891 διακριθεῖεε
743 3809 793 3872 καί
816 3803 879 3871 εἴτε.
925 3813 1032 3887 Itaque
1060 3814 1139 3888 apud
1163 3812 1218 3871 Th.
1241 3804 1322 3888 εἶμεν
1346 3812 1359 3869 I

186 3914 236 3985 33,
262 3914 291 3988 3,
319 3904 415 3971 clevi
439 3914 467 3986 3,
492 3916 521 3971 4.
553 3913 583 3970 11
609 3915 659 3986 ra,
684 3915 711 3970 a.
743 3910 788 3970 111
813 3913 864 3984 aa,
890 3913 918 3969 3.
950 3909 993 3968 rv
1022 3912 1072 3986 ac,
1103 3912 1131 3986 3,
1161 3906 1359 3988 ἐκπεμφεεεεν

124 3994 128 4001 ’
184 4012 198 4068 r
219 4013 270 4087 aa,
291 4013 318 4084 1,
338 4010 524 4086 spalaten
543 4013 594 4087 43,
616 4014 643 4088 1,
668 4013 827 4086 σφιιεμεν
845 4008 889 4065 vr
909 4009 959 4082 11,
975 4010 1004 4083 4,
1023 4012 1174 4067 πεισθεῖεν
1191 4007 1237 4066 111
1256 4010 1309 4085 42,
1329 4008 1356 4065 4.

185 4110 227 4167 VI
257 4110 307 4185 64,
338 4112 365 4182 1,
398 4107 560 4185 ξυμβαῖμεν
585 4109 629 4166 IV
655 4110 705 4185 61,
731 4112 759 4185 7,
792 4109 955 4186 γνωσθεῖεν
986 4103 1025 4163 VI
1050 4108 1100 4180 64,
1127 4111 1152 4180 l,
1186 4105 1359 4165 διασωθεῖτε

185 4208 243 4265 VII
269 4209 319 4283 78,
345 4209 371 4280 7,
396 4208 485 4281 φαῖεν
503 4203 579 4261 VIII
599 4207 648 4280 53,
669 4207 688 4263 3
712 4205 898 4269 restituenda
922 4207 998 4263 sunt.
1036 4203 1140 4279 Neque
1163 4204 1260 4280 magis
1284 4204 1357 4263 tolc-

185 4306 295 4365 randae
319 4307 391 4364 sunt
413 4303 505 4363 tertia
527 4303 603 4378 sing.
628 4305 658 4360 et
680 4303 756 4377 plur.
781 4306 873 4378 optat.
897 4321 957 4361 aor.
980 4302 1012 4360 in
1034 4318 1083 4360 σαι
1102 4304 1134 4360 et
1152 4318 1243 4361 σαιεν.
1278 4302 1356 4361 Nam

184 4403 214 4460 in
242 4401 384 4463 diverbiis
412 4403 568 4476 poctarum
597 4400 800 4458 scaenicorum
828 4401 974 4459 secundae
1001 4402 1120 4458 tantum
1151 4417 1298 4474 personae
1325 4400 1357 4458 in
