3104 5078
547 365 884 431 ·-rr-

274 533 359 604 Quod
382 537 417 592 ut
441 533 478 591 ab
498 533 578 592 omni
595 535 681 607 parte
700 531 900 604 confirmetur,
924 536 1019 591 restat
1040 536 1074 592 ut
1093 534 1129 591 de
1149 553 1184 592 eo
1202 534 1360 609 participio

185 633 351 708 praesentis
375 632 492 690 dicatur
514 632 592 706 quod
617 650 670 706 pro
689 630 785 688 futuri
803 629 960 704 participio
980 648 1045 689 esse
1065 650 1083 688 a
1101 632 1252 690 nonnullis
1271 636 1358 706 puta-

185 734 242 788 tur.
283 729 356 787 Eius
381 730 516 804 exempla
539 729 619 804 apud
638 727 843 803 Thucydidem
867 728 939 786 haec
961 728 1069 787 habes:
1093 730 1108 787 l
1134 733 1205 805 116,
1232 734 1248 788 1
1274 730 1307 789 αί
1329 724 1357 788 δ’
1442 736 1445 741 ’

185 824 232 886 ε’πί
260 828 338 888 Χίου
366 824 416 887 καὶ
444 823 565 904 Λέσβου
593 818 711 907 (έτυχον
738 816 900 902 οἰχόμεναι)
933 823 1190 905 περιαγγέλλουσαι
1222 829 1361 905 βοηθεῖν,

187 926 264 1001 128,
290 927 308 983 6
333 922 445 1002 έπεμψε
469 920 501 982 δὲ
526 921 575 983 καί
603 917 758 1001 ἐπιστολὴν
784 917 835 982 τὸν
858 916 1010 1003 Γογγύλον
1038 922 1165 1002 φέροντα
1193 920 1287 1011 αὐτῷ,
1315 927 1360 984 lII

187 1025 239 1096 52,
260 1026 278 1081 2
303 1018 484 1100 προσπέμπει
508 1018 540 1079 δὲ
564 1014 664 1091 αὐτοῖς
686 1014 950 1101 κήρυκα-λέγοντα,
973 1021 1017 1078 IV
1037 1024 1088 1097 85,
1109 1026 1124 1080 1
1146 1016 1165 1101 ἡ
1185 1020 1238 1101 μέν
1257 1022 1361 1100 έκπεμ-

185 1120 240 1196 ψίς
263 1142 322 1197 μου
342 1165 348 1178 .
365 1163 393 1178 ..
416 1116 567 1199 γεγένηται
589 1111 644 1195 τὴν
667 1117 764 1177 αἰτίαν
786 1113 1015 1195 ε’παληθεύουσα
1037 1111 1077 1197 ἣν
1099 1168 1103 1177 .
1122 1167 1152 1182 ..
1174 1121 1362 1198 προείπομεν,

185 1211 356 1295 Ἀθηναίοις
375 1213 600 1295 ἐλευθεροῦντες
618 1209 672 1293 τὴν
685 1208 815 1275 Ἑλλάδα
833 1210 1018 1294 πολεμήσειν,
1038 1218 1082 1276 VI
1096 1220 1146 1292 88,
1169 1220 1210 1278 10
1228 1214 1363 1297 πρέσβεις

185 1312 310 1393 πέμπειν
338 1311 368 1386 ές
395 1307 594 1393 Συρακούσας
621 1307 801 1390 κωλύοντας,
833 1314 892 1371 VH
921 1317 950 1390 3,
981 1319 996 1372 l
1032 1308 1149 1393 κήρυκα
1181 1312 1363 1395 προσπέμπει

187 1407 286 1485 αὐτοῖς
309 1409 439 1492 λέγοντα,
464 1415 515 1489 25,
540 1415 558 1472 9
582 1410 721 1490 ἔπεμψαν
746 1458 752 1470 .
773 1465 778 1475 ,
801 1459 807 1471 .
831 1408 966 1490 πρέσβεις
990 1458 996 1471 .
1017 1460 1023 1472 .
1044 1457 1050 1472 .
1074 1406 1273 1493 ἀγγέλλοντας.
1319 1413 1363 1473 Of.

188 1514 298 1572 Herod.
326 1511 342 1569 I
372 1514 412 1572 69
442 1508 550 1587 έιτεμπε
577 1507 607 1581 ές
636 1503 778 1588 Σπάρτην
806 1503 950 1587 ἀγγέλους
978 1504 1060 1588 δῶρά
1087 1531 1116 1570 τε
1143 1508 1287 1589 φέροντας
1314 1509 1363 1570 καὶ

189 1606 387 1688 δεησομένους
410 1608 582 1686 συμμαχίης,
607 1607 696 1682 Soph.
719 1607 767 1666 Αἱ.
793 1609 853 1667 781
878 1604 983 1686 πέμπει
1006 1629 1041 1686 με
1060 1606 1107 1668 σοὶ
1130 1606 1258 1687 φέροντα
1280 1603 1361 1668 τάσδ’

190 1700 355 1782 ἐπιστολάς,
385 1707 447 1765 827
477 1703 599 1782 πέμψον
624 1697 678 1762 τιν’
705 1696 776 1780 ἡμῖν
799 1699 922 1785 ἀγγελον
945 1699 1040 1783 κακὴν
1064 1700 1154 1783 φάτιν
1180 1739 1217 1750 -—
1246 1700 1364 1789 Τεύκρῳ

189 1799 331 1880 φέροντα,
359 1804 429 1863 Eur.
455 1803 558 1879 Suppl.
584 1805 647 1862 120
674 1795 796 1874 τούτους
823 1796 975 1875 θανόντας
1002 1792 1099 1881 ἦλθον
1124 1802 1244 1877 ἐξαιτῶν
1267 1799 1364 1874 πόλιν,

187 1901 233 1960 ΕΙ.
264 1903 349 1960 1024
384 1901 429 1961 nel
461 1897 515 1980 μέν
547 1894 659 1971 πόλεως
686 1893 795 1959 ἀλασιν
823 1895 979 1979 ἐξιώμενος
1013 1934 1053 1943 -
1086 1895 1105 1979 ἢ
1139 1896 1213 1980 δῶμ’
1247 1894 1366 1980 ὀνήσων

161 1984 163 1988 ’
189 1987 278 2057 τᾶλλά
305 1991 330 2055 τ’
357 1992 494 2059 έκσῶσιον
522 1995 608 2057 τέκνα
633 2029 672 2038 -
697 1994 809 2057 έκτεινα
837 2002 954 2058 πολλῶν
978 1999 1048 2076 μίαν
1071 1993 1160 2077 ὅπερ,
1188 2000 1299 2060 Phoen.
1323 2002 1362 2058 81

190 2088 247 2175 έγῶ
272 2089 300 2152 δ’
323 2092 385 2174 έριν
408 2088 511 2157 λύουσ’
537 2087 731 2156 ὑπόσπονδον
754 2100 853 2172 μολεῖν
873 2128 914 2136 -
934 2094 1034 2156 έπεισα
1058 2095 1142 2157 παιδὶ
1165 2098 1268 2173 παῖδα,
1291 2097 1365 2157 Xon.

189 2193 268 2251 Hist.
294 2193 344 2252 Gr.
368 2193 429 2252 VII
455 2199 482 2273 1,
507 2197 548 2255 13
579 2186 618 2266 ῶς
646 2189 694 2252 ἐπὶ
721 2195 782 2263 τοῖς
805 2193 880 2265 ἴσοις
902 2191 951 2252 καὶ
975 2185 1087 2272 ὁμοίοις
1109 2188 1194 2272 ἥκοις
1216 2188 1270 2272 τὴν
1293 2211 1366 2271 συμ-

190 2290 297 2368 μαχίαν
329 2285 523 2370 ποιούμενος,
555 2291 633 2350 Plat.
667 2290 747 2348 Prot.
784 2293 873 2350 322ο
901 2284 1015 2368 Ἑρμῆν
1047 2289 1152 2370 πέμπει
1184 2287 1293 2372 άγοντα
1326 2291 1367 2362 εἰς

189 2381 372 2466 ἀνθρώπους
401 2389 475 2449 αἰδῶ
507 2411 535 2448 τε
568 2385 618 2448 καί
650 2388 751 2464 δίκην,
786 2388 936 2466 Euthyph.
966 2392 1012 2449 8ο
1039 2383 1135 2449 πάντα
1167 2393 1286 2450 ποιοῦσι
1318 2387 1367 2447 καὶ

190 2482 306 2564 λέγουσι
330 2482 489 2566 φεύγοντες
512 2480 566 2565 τὴν
590 2486 684 2562 δίκην.
695 2479 718 2565 ¹)
757 2486 903 2546 Praesens
923 2488 1021 2562 ipsum
1040 2494 1126 2547 extra
1145 2508 1261 2548 omnem
1281 2487 1366 2546 dubi-

191 2584 336 2642 tationem
364 2589 423 2659 est,
457 2589 488 2643 et
516 2588 630 2642 temere
657 2584 869 2660 grammaticos
898 2585 1029 2644 Batavos
1058 2588 1171 2646 talibus
1202 2587 1274 2644 locis
1305 2586 1366 2642 ubi-

190 2701 306 2757 cunque
329 2681 417 2741 facile
440 2682 505 2740 fieri
528 2684 628 2757 potest
650 2681 786 2740 futurum
811 2683 975 2741 rescribere
1000 2687 1030 2742 et
1053 2688 1210 2759 poetarum
1234 2683 1368 2758 exempla

192 2780 300 2838 docent
322 2780 353 2837 in
376 2781 485 2855 quibus
509 2798 652 2855 praesens
675 2784 771 2839 metro
795 2779 967 2838 defenditur
989 2784 1019 2838 et
1042 2783 1155 2841 formae
1175 2782 1279 2858 quales
1298 2785 1369 2840 sunt
1471 2830 1473 2834 ,

191 2873 319 2953 φέροντα
347 2870 520 2956 φεύγοντες,
554 2896 630 2953 quae
658 2896 693 2935 ex
721 2877 824 2936 futuro
852 2881 935 2936 ortae
964 2897 1029 2937 esse
1059 2882 1178 2939 omnino
1207 2881 1367 2953 nequeunt.
1478 2956 1480 2961 Ι

192 2975 317 3034 Accedit
344 2976 460 3051 antiqui
484 2975 566 3035 tituli
589 2974 686 3034 Attici
709 2976 877 3050 exemplum
901 2976 932 3033 in
955 2976 1143 3053 Dittenberg.
1182 2977 1257 3054 Syll.
1280 2977 1369 3035 inscr.

193 3072 242 3132 Gr.
271 3095 299 3133 11.
329 3077 379 3153 13,
408 3077 448 3134 23
480 3068 653 3152 <κήρυκα>ς
682 3068 714 3131 δέ
745 3067 867 3150 ἑλομένη
899 3064 918 3149 ἡ
951 3067 1045 3151 βουλὴ
1080 3069 1223 3153 πεμψάτω
1257 3071 1287 3145 ές
1318 3067 1369 3145 τδις

191 3165 291 3241 πόλεις
313 3164 590 3251 ἀ<γ>γέλλον<τ>ας
614 3165 703 3249 <τάδε
725 3164 782 3248 τά>
810 3166 1001 3248 ἐψηφισμένα
1028 3168 1067 3256 τῷ
1096 3165 1191 3252 δήμῳ.
1238 3171 1296 3231 Sed
1320 3173 1368 3230 his

192 3271 265 3328 locis
285 3269 422 3328 omnibus
440 3271 632 3346 participium
650 3271 818 3344 praesentis
838 3289 898 3329 non
916 3290 970 3346 pro
989 3270 1101 3344 futuro,
1125 3271 1179 3330 sed
1201 3270 1237 3329 de
1261 3273 1368 3328 conatu

192 3368 305 3426 dictum
325 3369 380 3441 est,
404 3368 482 3442 quod
500 3368 664 3426 clarissime
683 3366 760 3424 Plat.
780 3367 934 3444 Xuthyph.
955 3372 1000 3428 8ο
1020 3369 1159 3444 ostendit,
1181 3368 1232 3426 ubi
1251 3371 1369 3428 verten-

192 3467 262 3523 dum
290 3468 350 3524 est:
382 3459 492 3524 ‘omnia
519 3466 633 3524 faciunt
661 3468 691 3523 et
719 3462 822 3523 dicunt
850 3483 976 3541 poenam
1007 3467 1175 3544 effugere
1199 3471 1369 3526 conantes

192 3564 255 3623 sive
280 3557 495 3623 studentes'.
541 3564 586 3622 De
613 3565 681 3623 aliis
707 3563 874 3639 participiis
898 3566 1065 3638 praesentis
1089 3566 1126 3623 de
1150 3569 1257 3625 conatu
1282 3566 1369 3624 dictis

192 3663 227 3721 cf.
257 3662 347 3720 Thac.
375 3660 390 3717 Ι
419 3663 470 3736 35,
500 3664 528 3720 5.
565 3662 612 3720 HI
642 3664 691 3738 18,
723 3666 739 3719 1
770 3661 871 3738 ibique
904 3663 970 3722 adn.
1002 3667 1032 3721 et
1060 3663 1135 3723 Plat.
1166 3663 1248 3724 Prot.
1277 3665 1370 3723 arra

194 3753 450 3835 ἀποδιδράσκοντα
474 3752 513 3836 μὴ
539 3754 692 3849 δύνασθαι
715 3753 893 3836 ἀποδρᾶναι.

193 3912 224 3964 ll.
239 3911 291 3964 XII
305 3916 365 3964 407.
380 3909 430 3964 XV
446 3915 506 3964 289.
522 3908 573 3963 Od.
587 3910 626 3962 lll
641 3916 702 3963 319.
725 3908 813 3963 Immo
824 3911 932 3964 duobus
943 3912 1144 3979 posterioribus
1158 3912 1228 3966 locis
1241 3913 1278 3967 ad
1292 3930 1370 3982 prae·

194 3993 307 4046 teritam
325 3991 444 4046 refertur
462 3992 508 4059 (de
529 3990 580 4044 Od.
599 3990 637 4043 Ill
656 3996 707 4043 319
727 3990 763 4042 cf.
779 4008 863 4058 supra
877 4009 903 4059 p.
920 3996 945 4058 3,
961 3992 1000 4060 1);
1019 3992 1051 4045 ll.
1067 3991 1118 4044 XII
1132 3998 1183 4045 407
1204 3997 1298 4047 antem
1313 3993 1370 4047 edi·

195 4074 269 4124 toros
284 4071 357 4124 male
373 4066 487 4125 ἐέλπετο
502 4070 585 4125 alteri
595 4069 750 4139 scripturae
761 4064 872 4125 ἐέλδετο
884 4072 1084 4139 praetulerunt.
1103 4071 1187 4141 Apud
1197 4072 1277 4126 Pind.
1288 4071 1369 4140 Pyth.

196 4151 232 4203 lV
241 4157 292 4204 243
303 4153 447 4219 postidem
455 4153 572 4207 verbum
583 4152 639 4206 iam
648 4150 825 4205 Hermannus
835 4150 999 4221 πράξεσθαι
1006 4170 1057 4222 pro
1065 4148 1230 4221 πράξασθαι
1238 4152 1369 4208 restituit.

270 4231 295 4297 1)
319 4229 413 4284 Etiam
438 4232 513 4302 apud
536 4231 706 4300 posteriores
730 4233 879 4302 scriptores
900 4233 947 4287 hic
966 4251 1031 4286 usus
1050 4231 1198 4287 invenitur.
1238 4233 1278 4286 of.
1297 4233 1370 4289 Plut.

197 4308 258 4362 Nic.
279 4315 320 4363 26.
345 4311 498 4367 Woelfflini
521 4313 585 4367 adn.
610 4314 670 4367 crit.
690 4314 726 4366 ad
744 4315 876 4383 Polyaen.
896 4333 924 4382 p.
943 4313 1067 4368 XXXIV.
1087 4315 1159 4382 Berg
1178 4343 1210 4351 —
1231 4312 1265 4366 de
1285 4315 1370 4382 parti-

196 4389 263 4458 cipii
282 4392 438 4459 temporum
457 4411 509 4446 usu
527 4391 673 4461 Appianeo
700 4393 819 4461 (dissert.
839 4396 925 4448 Bonn.
946 4410 971 4448 a.
993 4398 1072 4463 1884)
1091 4389 1118 4461 p.
1138 4398 1172 4446 45
1183 4410 1242 4461 sqq.
1283 4395 1318 4447 Et
1336 4411 1371 4448 nc

197 4488 212 4523 o
233 4470 321 4523 latino
340 4469 451 4538 quidem
472 4490 599 4527 sermone
623 4474 731 4527 alienus
755 4477 805 4527 est.
843 4473 884 4527 ef.
904 4472 1057 4528 Weissenb.
1083 4474 1119 4527 ad
1141 4472 1199 4527 Liv.
1220 4473 1284 4525 XXI
1302 4480 1326 4541 6,
1346 4481 1371 4529 2.

251 4571 343 4622 811111,
359 4570 451 4619 Quacst.
468 4582 539 4620 gram.
1141 4569 1157 4617 2
