3104 5078
704 358 902 421 --6-

215 547 251 587 ex
269 527 321 585 καί
343 525 512 585 concessivo
536 526 614 600 quod
639 523 665 584 εἰ
686 523 851 598 particulae
875 523 1011 582 additum
1034 526 1080 582 est
1102 527 1187 598 patet
1210 525 1390 606 sententiam

215 624 362 701 adquam
385 623 517 683 condicio
542 623 659 698 spectat
682 624 787 696 suapte
811 621 903 680 etiam
925 621 956 679 vi
974 623 1118 680 constare.
1156 621 1268 680 Eadem
1288 622 1391 681 omissi

215 717 254 782 ἀν
277 741 367 781 causa
390 740 454 780 esse
478 720 657 796 perspicitur
676 719 718 776 VI
741 720 792 795 86,
812 721 830 778 5
858 717 975 795 νομίσαι
998 740 1026 777 τε
1048 718 1145 779 τοῖσδε
1169 714 1222 796 μὲν
1244 716 1293 778 καί
1317 713 1389 779 ἀνευ
1421 727 1424 732 ’
1449 734 1451 738 ’

216 813 375 898 ξυμμάχων
394 817 450 878 αίεὶ
469 812 520 895 ἐφ’
541 811 617 895 ὑμᾶς
637 813 755 894 ἑτοίμην
774 809 873 876 διὰτὸ
897 820 1014 895 πλῆθος
1038 808 1113 876 εῖναι
1136 810 1218 892 ὁδόν,
1242 819 1294 876 ubi
1317 812 1390 876 ἀνευ

216 911 375 996 ξυμμάχων
398 917 577 977 condicionis
600 916 664 975 vice
688 914 833 990 fungitur.
883 914 1010 990 Reliqua
1032 919 1133 974 autem
1162 935 1237 991 quae
1264 917 1392 992 proferri

217 1019 344 1092 possunt
367 1010 405 1075 ἀν
428 1015 531 1075 omissi
555 1015 692 1089 exempla
713 1011 859 1088 temporis
883 1013 973 1072 etiam
996 1013 1125 1088 ratione,
1153 1017 1188 1072 ut
1215 1014 1391 1087 videbimus,

220 1118 360 1189 suspecta
383 1116 462 1174 sunt.
1029 1136 1046 1165 ι

306 1213 412 1288 Neque
435 1212 534 1269 aliter
547 1229 595 1269 res
619 1209 774 1285 sehabet,
798 1210 825 1269 si
847 1208 1010 1268 condIcioni
1034 1210 1243 1284 exprimendae
1267 1200 1322 1269 ἐάν
1344 1211 1393 1272 rel

217 1305 256 1388 ἥν
279 1329 346 1369 oum
368 1309 554 1370 coniunctivc
574 1309 742 1367 adhibetur.
780 1307 847 1366 Nisi
866 1308 945 1367 enim
962 1306 1128 1368 infinitivus
1147 1309 1243 1367 futuri
1262 1309 1392 1384 ponitur,

218 1409 301 1468 cuius
334 1407 470 1482 exempla
502 1408 610 1466 afferre
643 1405 834 1481 supersedeo,
871 1398 910 1463 ἀν
945 1404 1091 1466 infinitivo
1128 1399 1211 1484 (narn
1244 1407 1393 1482 participii

220 1507 356 1581 exempla
383 1506 462 1580 apud
491 1504 695 1580 Thucydidem
722 1524 781 1564 non
808 1494 923 1582 inrcni)
958 1503 1081 1578 adiungi
1113 1505 1198 1562 solet.
1248 1505 1394 1580 Exempla

218 1605 307 1662 huius
327 1602 446 1682 generis
465 1603 538 1662 haec
557 1605 638 1662 sunt:
663 1601 707 1658 IV
729 1605 778 1677 19,
799 1605 817 1661 2
843 1597 997 1679 νομίζομέν
1015 1623 1044 1660 τε
1063 1596 1113 1674 τὰς
1137 1595 1262 1680 μεγάλας
1285 1599 1393 1679 ἔχθρας

219 1693 330 1778 μάλιστ’
361 1693 399 1758 ἀν
428 1691 602 1759 διαλύεσθαι
631 1698 772 1777 βεβαίως,
801 1693 856 1759 οὐκ
883 1691 922 1776 ήν
950 1690 1189 1777 ἀνταμννόμενός
1216 1722 1259 1770 τις
1286 1741 1293 1758 .
1318 1745 1324 1758 .
1353 1692 1392 1776 μή

219 1791 278 1857 ἀπὸ
308 1799 361 1856 τοῦ
394 1796 460 1858 ἴσου
493 1797 604 1881 ξυμβῇ,
636 1789 698 1855 ἀλλ’
728 1789 767 1874 ἢν
796 1839 803 1852 .
830 1844 836 1855 .
868 1796 988 1874 μετρίως
1018 1797 1193 1879 ξυναλλαμῇ,
1226 1796 1269 1854 VI
1298 1799 1349 1872 49,
1374 1800 1392 1855 2

222 1894 369 1972 αι’φνίθιοι
392 1890 424 1954 δὲ
446 1886 485 1971 ήν
508 1890 724 1970 προσπέσωσιν,
749 1941 755 1954 .
776 1943 794 1957 ..
812 1888 923 1971 μάλιστ’
949 1887 988 1953 ἀν
1011 1899 1095 1971 σφεῖς
1117 1891 1321 1975 περιγενέσθαι
1344 1892 1393 1953 καὶ

220 1987 292 2053 κατά
321 1987 417 2053 πάντα
446 1985 485 2052 ἀν
512 1986 619 2064 αὐτοὺς
643 1990 822 2071 ἐκφοβῆσαι,
851 1995 901 2065 96,
928 1996 943 2051 1
973 1992 1158 2069 νομίσαντες,
1187 1987 1240 2053 ε’ἀν
1268 1986 1307 2070 μή
1336 1995 1394 2050 τῶν

220 2087 389 2153 Ἐπιπολῶν
407 2086 590 2170 κρατήσωσιν
609 2090 640 2151 οῖ
656 2085 823 2168 Ἀθηναῖοι,
843 2139 849 2151 .
869 2133 877 2148 .
897 2083 951 2150 οὐκ
974 2082 1013 2149 ἀν
1036 2089 1146 2172 ῥᾳδίως
1168 2093 1247 2168 σφᾶς
1266 2137 1273 2150 .
1293 2139 1299 2151 .
1324 2084 1394 2150 ἀπο-

220 2181 444 2269 τειχισθῆναιῑ)
496 2188 554 2249 Ubi
583 2183 621 2249 ἀν
649 2189 812 2266 emittitur,
845 2208 935 2248 causa
967 2189 1031 2248 eius
1063 2189 1108 2247 rei
1137 2190 1225 2249 facile
1257 2190 1395 2267 cognosci

221 2293 330 2366 potest.
375 2288 419 2345 IV
449 2289 477 2362 3,
508 2290 526 2346 3
560 2286 590 2347 cI
618 2283 651 2346 δὲ
677 2282 787 2359 πολλοῖς
814 2285 929 2364 ἔφασαν
964 2279 1039 2347 εἶναι
1066 2281 1158 2366 ἀκρας
1187 2279 1316 2366 ἐρήμους
1344 2289 1394 2365 τῆς

223 2378 471 2462 Πελοποννήσου,
497 2376 536 2461 ἢν
558 2378 701 2462 βούληται
723 2379 957 2465 καταλαμβάνων
979 2378 1033 2463 τήν
1055 2378 1143 2445 πόλιν
1167 2385 1305 2446 δαπανᾶν
1333 2405 1396 2446 sen-

224 2485 319 2544 tentia
347 2483 385 2540 ad
413 2501 502 2558 quam
530 2482 662 2542 condicio
690 2486 808 2557 spectat
834 2487 954 2559 praeter
984 2503 1050 2542 eam
1079 2488 1185 2560 suapte
1212 2486 1243 2545 vi
1270 2488 1354 2544 const
1374 2488 1395 2544 t.

224 2581 321 2639 Aliter
349 2584 539 2655 comparatus
567 2584 613 2639 est
640 2581 723 2640 locus
746 2581 789 2639 VI
813 2584 864 2656 49,
894 2585 912 2642 2
940 2575 972 2641 τὸ
1000 2574 1056 2660 χάρ
1083 2584 1200 2659 πρῶτον
1227 2586 1288 2644 πῖιν
1315 2580 1396 2663 στρά-

223 2700 314 2756 τευμα
333 2671 503 2738 δεινότατον
521 2669 607 2738 εῖναι·
633 2670 674 2755 ἢν
693 2675 725 2738 δὲ
744 2679 867 2762 χρονίσχ
885 2676 956 2757 πρὶν
974 2677 1004 2751 ἒς
1022 2674 1096 2757 ὄψιν
1114 2678 1222 2758 ἐλθεῖν,
1240 2684 1275 2766 τῇ
1293 2676 1396 2764 γνωμῃ

224 2772 470 2854 ἀναθαρσοῦντας
498 2768 680 2854 ἀνθρώπους
708 2773 756 2836 καὶ
784 2781 818 2857 σή
846 2773 915 2853 ῖψει
938 2782 1134 2856 καταφρονεῖν
1158 2782 1275 2857 μᾶλλον.
1322 2781 1396 2840 Cum

225 2877 304 2935 enim
327 2875 414 2934 facile
437 2874 595 2950 pateat‘in
617 2875 760 2951 exemplis
784 2874 870 2936 modo
893 2875 1018 2950 prolatis
1041 2876 1188 2937 infinitivo
1216 2897 1282 2936 cum
1306 2872 1344 2937 ἀν
1367 2880 1397 2936 in

227 2975 360 3035 oratione
384 2973 506 3048 obliqua
527 2973 625 3048 posito
649 2974 828 3049 respondere
850 2973 881 3032 in
905 2974 1039 3034 oratione
1062 2977 1144 3033 recta
1167 2975 1299 3034 eiusdem
1323 2979 1396 3034 tem·

225 3073 305 3148 poris
333 3071 501 3146 optativum
529 3091 596 3130 cum
623 3065 676 3148 ἀν,
704 3074 782 3132 nudo
809 3071 956 3133 infinitivo
980 3073 1075 3132 futuri
1098 3073 1230 3132 eiusdem
1254 3076 1397 3150 temporis

227 3170 428 3246 indicativum,
451 3170 593 3229 hocloco
618 3170 766 3228 sententia
788 3170 937 3246 generalis
956 3171 986 3228 in
1005 3171 1139 3232 oratione
1157 3174 1239 3231 recta
1262 3171 1397 3233 indicati-

226 3288 297 3330 vum
324 3268 492 3342 praesentis
519 3267 666 3340 postulat:
698 3259 739 3344 ἢν
766 3263 798 3327 δὲ
826 3267 961 3346 χρονίσῃ,
994 3261 1151 3346 ἀνθρωποι
1178 3274 1399 3349 καταφρονοῦσι

228 3367 345 3443 μᾶλλον.
388 3366 493 3442 Neque
516 3365 622 3442 negari
643 3367 745 3440 potest
768 3366 871 3424 eadem
894 3366 1010 3425 ratione
1033 3366 1212 3427 infinitivum
1236 3370 1400 3428 condicioni

168 3473 170 3478 ’
227 3464 306 3522 nudo
331 3464 465 3538 optativo
486 3463 662 3523 enuntiatae
685 3465 852 3524 subiectum
875 3459 913 3523 ἀν
934 3465 1083 3540 particula
1100 3483 1201 3524 carere
1220 3485 1316 3543 posse.
1353 3467 1398 3524 De

228 3581 260 3620 re
287 3560 454 3635 praeterita
482 3561 561 3619 enim
588 3561 621 3619 in
648 3562 797 3621 sententia
820 3563 955 3639 generali
977 3564 1111 3638 optativo
1136 3563 1240 3625 Graeci
1264 3566 1399 3624 utuntur.

229 3659 335 3734 Itaque
358 3658 432 3716 VIII
459 3662 509 3733 66,
534 3661 552 3718 2
582 3658 608 3718 εί
634 3655 667 3718 δέ
693 3682 735 3731 τις
762 3657 811 3719 καὶ
839 3654 983 3735 ἀντείποι,
1011 3654 1104 3733 εὐθὺς
1128 3709 1134 3722 .
1160 3708 1165 3720 .
1197 3656 1346 3740 ἐτεθνήκει
1369 3663 1400 3720 in

230 3758 365 3816 oratione
384 3757 506 3834 obliqua
524 3758 599 3816 banc
618 3758 744 3816 formam
763 3759 901 3817 indueret
923 3755 949 3815 εἰ
966 3754 999 3816 δέ
1017 3779 1058 3829 τις
1076 3756 1125 3818 καὶ
1146 3751 1287 3836 ἀντείποι,
1305 3757 1401 3838 ἔλεγεν

230 3847 324 3926 εὐθὺς
348 3848 440 3914 αὐτὸν
461 3852 645 3935 τεθνηκέναι.
687 3856 791 3932 Neque
815 3856 902 3915 aliter
925 3873 973 3914 res
998 3849 1152 3932 sehabet,
1176 3858 1201 3917 si
1224 3860 1294 3917 talis
1318 3861 1400 3932 opta-

230 3956 310 4016 tivus
335 3955 473 4030 obliquus
497 3959 544 4014 est
566 3974 619 4031 pro
642 3955 829 4016 coniunctivo
852 3954 987 4030 generali
1004 3956 1128 4030 positus,
1153 3956 1200 4014 cui
1222 3955 1327 4031 generi
1349 3955 1400 4014 ad-

231 4054 360 4114 scribere
387 4054 458 4111 licet
485 4054 655 4128 exemplum
682 4053 725 4110 IV
753 4057 803 4128 11,
830 4056 850 4111 4
878 4053 938 4111 alia
966 4053 1002 4110 de
1029 4070 1120 4112 causa
1146 4069 1238 4127 supra
1265 4053 1400 4128 allatum,

306 4298 331 4363 1)
350 4294 478 4348 Allenum
499 4295 542 4346 est
560 4292 610 4346 VII
631 4299 673 4361 77,
693 4301 708 4349 6
734 4290 767 4362 ἢν
791 4291 1009 4366 ἀντιλαβοῖμεθά
1033 4313 1082 4347 του
1104 4293 1198 4362 φιλίου
1218 4294 1320 4362 χωρίου
1341 4339 1346 4350 .
1364 4337 1369 4348 .
1386 4336 1402 4361 .,

233 4368 287 4440 ἤδη
307 4375 431 4442 νομίζετε
453 4370 483 4426 ἐν
503 4373 540 4444 τῷ
561 4368 650 4445 ἐχυρῷ
671 4371 754 4442 εἶναι,
773 4374 822 4428 nbi
846 4372 974 4429 condicio
992 4389 1048 4429 non
1062 4373 1098 4428 ad
1113 4368 1144 4428 ἐν
1159 4373 1196 4444 τῷ
1213 4369 1303 4447 ἐχυρῷ
1319 4371 1402 4441 εἶναι,

232 4451 280 4506 sed
299 4453 335 4507 ad
353 4454 478 4522 νομίζετε
497 4451 625 4507 refertur.
