3104 5078
668 362 882 425 ..54-

186 527 339 585 Aeolicum
369 523 548 599 vocabatur,
577 528 655 603 quod
682 528 713 585 in
737 526 854 585 Troade
878 528 968 586 sItum
993 522 1074 609 erat)
1102 529 1175 588 Item
1199 530 1230 588 in
1252 529 1323 591 ola
1347 533 1364 591 Ι

186 618 236 703 (of.
260 616 337 705 ind.)
365 626 394 682 in
423 648 443 702 η
469 628 564 685 exeat.
611 626 736 685 Praeter
759 620 867 704 βορέαν
891 625 1069 685 servandum
1093 644 1158 685 esse
1181 626 1293 706 βορρᾶν
1318 629 1365 689 VI

187 726 253 799 2,5
279 723 430 801 βορρᾶθεν
449 722 516 782 ΟΙΑ
535 725 566 782 ΙΙ
586 726 658 783 600.
684 726 757 784 777.
782 726 843 783 781
874 724 1087 783 demonstrant.
1134 723 1177 783 Of.
1201 726 1364 805 Βορραίαις

186 816 293 892 πύλαις
312 821 419 880 Aesch.
440 820 520 896 Sept.
541 822 604 881 527
625 815 809 900 (coniectura
827 842 934 898 parum
953 825 1035 882 certa
1053 822 1164 901 βορρᾶς
1180 843 1234 899 pro
1253 823 1363 904 βορέας

188 919 328 978 scribitur
356 919 387 977 in
410 919 481 977 Eur.
506 917 587 995 Cycl.
613 911 700 998 329).
747 918 821 978 Cum
849 921 931 980 codd.
959 920 1078 980 varient
1105 918 1197 998 δίψης
1224 920 1300 1003 δίψῃ
1331 929 1364 984 et

187 1017 297 1093 δίψονς
325 1015 422 1093 δίψει,
449 1017 518 1076 illas
547 1018 660 1075 formas
683 1020 717 1076 ut
744 1019 927 1095 antiquiores
961 1010 1011 1098 (cf.
1039 1018 1145 1078 Aesoh.
1174 1019 1255 1081 Pers.
1284 1024 1362 1085 484.

187 1118 261 1174 491.
293 1115 387 1174 Arist.
415 1116 491 1190 Equ.
516 1106 595 1195 534)
623 1116 832 1190 praeferendas
860 1135 926 1176 esse
953 1119 1102 1191 putamus.
1148 1116 1184 1175 In
1210 1119 1363 1193 genetiuis

186 1213 340 1272 nominum
358 1213 549 1288 propriorum
567 1211 743 1272 Doricorum
763 1213 795 1272 in
818 1236 853 1286 ας
877 1213 1049 1273 exeuntium
1067 1213 1123 1273 Th.
1145 1233 1364 1292 nonnunquam

186 1311 426 1370 terminationem
453 1310 596 1370 Doricam
623 1332 642 1369 α
669 1310 773 1388 hahet,
801 1313 854 1372 sed
881 1311 1002 1371 minime
1029 1312 1061 1371 in
1093 1313 1243 1388 omnibus,
1275 1315 1365 1375 velut

187 1428 340 1484 nunquam
363 1410 394 1468 in
413 1408 600 1484 Παυσανίας,
622 1409 771 1489 Βρασίδας
792 1402 939 1491 (Βρασίδα
961 1410 992 1468 iu
1015 1409 1215 1470 deterioribus
1238 1413 1363 1472 tantum

186 1508 272 1566 libris
296 1507 342 1567 bis
365 1501 473 1590 terve),
497 1505 663 1581 Λεωνίδας,
686 1510 739 1566 aut
763 1507 900 1567 omnibus
918 1508 992 1566 locis
1012 1500 1174 1586 (Κίεαρίδα
1192 1509 1364 1587 Κίεαρίδου

186 1606 213 1662 V
240 1607 290 1681 10,
316 1608 343 1665 1.
369 1597 434 1686 12).
481 1604 592 1663 Similis
616 1604 817 1679 discrepantia
839 1606 918 1664 inter
941 1600 1133 1684 Ξενοκλείδης
1155 1608 1187 1665 et
1208 1601 1364 1670 Ξενοκλεί-

187 1702 243 1761 δαν
266 1703 282 1760 Ι
306 1705 357 1776 46,
382 1705 410 1762 2.
438 1701 484 1759 ΙΙΙ
511 1704 582 1776 114,
607 1704 635 1760 4.
682 1702 824 1763 Eiusdem
847 1703 980 1783 genetivi
1002 1704 1174 1763 terminatio
1197 1705 1299 1765 Ionica
1322 1727 1363 1766 εω

185 1801 216 1858 in
243 1794 343 1878 Τήρεω
367 1802 397 1858 ct
420 1793 533 1859 Πύθεω
558 1800 589 1858 ΙΙ
613 1803 663 1876 29,
690 1804 715 1860 1.
746 1804 796 1876 95,
824 1806 856 1879 1,
885 1820 1012 1878 quocum
1035 1802 1071 1861 cf.
1096 1821 1132 1861 ex
1155 1802 1246 1862 tertia
1271 1803 1363 1863 decli-

186 1898 306 1957 natione
331 1891 470 1974 Ἀφύτιος
498 1898 513 1956 Ι
545 1900 596 1975 64,
627 1901 655 1972 2,
687 1893 813 1972 Γοοίξιος
835 1899 879 1957 IV
904 1903 976 1972 107,
1000 1903 1029 1968 3,
1057 1899 1181 1973 Κνίδιος
1203 1900 1232 1958 V
1255 1904 1306 1978 51,
1333 1907 1363 1964 2.

101 2064 103 2067 ,
186 1994 282 2063 Quam
311 1995 511 2055 Athenienses
540 1997 631 2055 etiam
658 1997 824 2072 posteriore
854 2001 989 2072 tempore
1016 1999 1048 2055 in
1075 1997 1187 2057 talibus
1216 2000 1274 2059 sibi
1300 2020 1362 2061 non

186 2093 376 2152 constiterint
400 2094 576 2153 documento
601 2096 647 2154 est
672 2093 740 2154 OIA
762 2094 793 2152 II
818 2097 890 2168 966,
920 2097 970 2155 26.
993 2098 1045 2172 47,
1075 2095 1127 2154 ubi
1150 2096 1307 2158 Λεωνίδου
1331 2103 1365 2158 et

186 2184 352 2250 Μνασιοίδα
377 2186 495 2270 (eontra
517 2185 703 2270 Μνασιοίδον
726 2193 796 2252 ibid.
823 2195 895 2269 967,
918 2187 977 2272 46)
1002 2197 1056 2252 ast.
1098 2192 1183 2251 Talia
1206 2193 1300 2270 igitur
1322 2196 1364 2254 ad

187 2290 311 2350 candem
338 2308 474 2348 normam
502 2290 646 2365 rchgcre·
665 2310 726 2350 non
757 2291 828 2350 hcet
856 2293 887 2350 et
919 2290 1070 2366 sequenda
1102 2291 1148 2350 est
1180 2292 1364 2367 optimorum

185 2388 331 2447 librorum
359 2388 531 2447 auctoritas.
578 2389 621 2447 Ut
647 2390 741 2464 igitur
765 2389 819 2448 Th.
847 2389 967 2447 nomina
995 2389 1105 2450 Dorica
1127 2389 1229 2450 Attice
1255 2391 1363 2449 termi-

186 2486 284 2561 navit,
311 2485 354 2544 ita
381 2502 418 2542 ne
446 2484 628 2544 contrarium
656 2485 776 2562 quidem
803 2487 975 2561 negandum
1003 2505 1068 2546 esse
1097 2487 1307 2548 videtur·eum
1328 2490 1363 2548 in

183 2576 332 2662 ’Idupq'w
355 2583 369 2640 Ι
395 2585 505 2659 103,1
531 2583 629 2642 facero
652 2584 797 2658 potuisse,
819 2585 997 2659 praesertim
1020 2603 1087 2644 cum
1110 2603 1233 2661 prorsus
1256 2587 1363 2647 eadem

186 2684 263 2742 ratio
292 2681 332 2740 sit
359 2681 513 2740 nominum
535 2673 755 2760 Ἡγησιπττίδας
781 2683 809 2739 V
838 2685 889 2761 52,
920 2685 935 2741 1
968 2686 999 2742 at
1026 2676 1222 2762 Καδωνιήτας
1251 2684 1318 2743 CIA
1346 2687 1363 2745 Ι

186 2784 261 2857 493,
290 2780 369 2856 quod
397 2780 547 2854 posterius
576 2781 721 2855 lapicidae
749 2782 844 2840 errori
872 2781 1063 2841 tribuendum
1087 2801 1153 2842 esse
1176 2782 1361 2843 Kirohhoffio

187 2898 246 2937 non
265 2879 423 2954 credimus,
444 2896 512 2937 cum
530 2879 561 2936 in
580 2878 711 2954 antiquis
730 2879 827 2938 titulis
847 2879 957 2938 Atticis
975 2879 1148 2938 terminatio
1167 2873 1249 2958 ιη’της
1269 2881 1362 2941 etiam

66 2984 71 2993 '
186 2977 216 3034 in
230 2976 399 3035 nominibus
413 2995 473 3034 non
486 2976 604 3053 Ionicis,
622 2978 707 3037 velut
724 2975 885 3054 Κεδριῆται
899 2967 951 3057 (cf.
965 2977 1025 3036 ind.
1040 2975 1107 3036 OIA
1122 2972 1162 3058 Ι),
1180 2978 1360 3038 inveniatur.

276 3074 304 3131 V
328 3076 379 3147 66,
403 3077 421 3134 3
446 3067 659 3153 ἐνωμοτάρχοις
681 3093 735 3151 pro
759 3068 975 3152 ἐνωμοτάρχαις
999 3075 1187 3134 scribendum
1211 3081 1265 3149 est,
1292 3096 1359 3136 cum

186 3191 342 3232 munerum
365 3171 543 3231 militarium
565 3171 686 3232 nomina
709 3173 809 3231 omnia
831 3173 861 3230 in
885 3193 985 3251 -αρχος
1008 3176 1115 3232 exeant
1137 3167 1187 3252 (cf.
1206 3175 1359 3235 Meisterh.

186 3269 277 3346 527,
302 3263 345 3348 9).
391 3268 450 3326 Sed
476 3267 593 3327 fallitur
615 3268 834 3350 Herwerdonus
863 3289 931 3330 cum
955 3271 1058 3330 eodem
1080 3273 1168 3331 modo
1192 3292 1245 3348 pro
1269 3274 1359 3352 βοιω-

185 3361 302 3445 τάρχαις
325 3368 356 3425 et
375 3359 552 3445 βοιωτάρχαι
570 3367 597 3423 V
617 3369 668 3428 37.
688 3370 729 3427 38
753 3361 943 3447 βοιωταρχοις
963 3371 993 3428 et
1012 3362 1185 3449 βοιώταρχοι
1208 3371 1358 3448 corrigere

185 3467 260 3525 vult.
307 3462 350 3522 cf.
380 3457 520 3542 μεραρχαι
548 3463 615 3522 Cla
642 3464 673 3523 II
698 3468 776 3543 580,
804 3462 928 3547 ’ίαροίρχη
954 3493 994 3514 =
1018 3461 1149 3545 ίεροίρχαι
1178 3468 1223 3528 OS
1247 3469 1262 3527 I
1285 3472 1358 3538 497,

186 3565 260 3622 498.
284 3565 358 3637 499,
380 3561 579 3620 boeotarohae
602 3562 667 3622 Liv.
690 3562 775 3620 XLII
799 3567 849 3638 43,
876 3568 904 3642 7,
932 3565 1132 3624 boeotarohen
1154 3566 1284 3627 XXXIII
1308 3571 1358 3646 27,

186 3664 215 3740 8,
239 3653 424 3738 βοιωτάρχρν
448 3657 486 3716 CI
507 3660 601 3720 1738.
639 3660 696 3718 Pro
717 3653 856 3734 Ὀπικούς
880 3664 922 3721 VI
946 3667 976 3739 2,
999 3666 1018 3721 4
1044 3663 1114 3722 boni
1137 3665 1219 3724 codd.
1235 3659 1359 3738 ’Όπικας

186 3761 234 3820 rel
247 3753 379 3836 ’Όττηκας
397 3757 518 3818 habent.
547 3757 605 3816 Sed
624 3777 795 3834 quanquam
815 3761 920 3820 similis
940 3764 988 3820 est
1006 3760 1212 3821 declinationis
1231 3764 1359 3823 variatio

185 3859 216 3916 in
239 3850 371 3927 Ἠδῶνες
395 3849 535 3931 Ἠδωνοί,
564 3860 664 3916 tamen
692 3857 730 3916 ab
759 3858 884 3918 Aristot.
909 3859 1005 3918 Strab.
1030 3859 1153 3935 Dionys.
1177 3859 1246 3918 Hal.
1271 3861 1358 3920 Pnus.

187 3955 289 4030 Steph.
308 3953 378 4030 Byz.
397 3957 461 4013 tam
480 3957 651 4014 constanter
671 3945 786 4017 Ὀντιιιοί
808 3958 1001 4016 nominantur
1024 3960 1058 4015 ut
1081 3957 1207 4016 eandem
1229 3959 1358 4018 nominis

184 4054 311 4112 formam
337 4051 392 4110 Th.
420 4051 554 4111 tribuere
582 4072 733 4130 cogamur.
779 4057 926 4116 Vocabuli
953 4049 1018 4127 οἰός
1046 4057 1160 4114 formas
1189 4049 1358 4134 trapotutanus

185 4149 424 4209 conventura
451 4143 519 4221 νιος
547 4143 597 4226 (cf.
624 4151 668 4208 m
697 4154 747 4212 54.
779 4155 850 4214 τοο.
879 4150 952 4215 475.
986 4152 1054 4213 oia
1082 4152 1098 4210 1
1124 4140 1212 4234 aas).
1260 4153 1358 4224 Quare

184 4248 358 4309 retinendus
386 4265 482 4308 accus.
527 4247 602 4319 νίεῖς
628 4248 672 4305 IV
697 4252 748 4322 30,
773 4253 791 4308 2
822 4242 905 4332 (τοὺς
932 4251 1006 4324 νίεῖς
1034 4251 1101 4310 CIA
1128 4251 1159 4310 ΙΙ
1187 4252 1254 4313 add.
1280 4246 1357 4334 lb).

185 4345 290 4420 Neque
314 4346 519 4406 sollicitandus
542 4347 641 4423 genet.
664 4344 733 4406 νίοῦ
756 4347 783 4403 V
809 4350 859 4425 16,
883 4351 912 4424 2,
940 4368 1110 4424 quanquam
1137 4350 1261 4426 reliquis
1284 4352 1356 4412 locis

186 4434 215 4522 (1
242 4445 290 4517 13,
316 4446 343 4503 c.
373 4446 425 4521 ao,
449 4446 477 4504 a.
509 4446 632 4531 rau-1.
661 4443 692 4504 Π
718 4448 789 4523 roo,
814 4450 842 4506 a
868 4447 914 4505 ΠΙ
938 4449 989 4523 aa,
1013 4439 1048 4528 a)
1074 4447 1127 4506 rh.
1151 4443 1231 4522 aaa
1253 4449 1354 4527 habet,
