3104 5078
674 340 890 403 „21-

197 507 293 564 solum
320 507 497 582 plerumque
524 506 668 563 librorum
693 505 818 564 fluctuat
840 507 995 580 memoria,
1024 507 1077 566 sed
1100 508 1199 566 omnia
1223 510 1314 568 otiam
1336 511 1368 569 in

196 604 456 663 terminationibus
480 605 639 664 versantur
661 603 691 661 in
715 603 822 679 quibus
845 604 931 661 nulla
953 604 1015 662 fere
1039 604 1173 664 codicum
1196 609 1243 664 cst
1265 609 1365 665 aucto-

195 702 278 778 ritas,
299 701 359 760 tria
376 702 538 762 manifesta
555 704 712 777 praeterea
730 704 900 777 corruptela
919 702 1071 778 laborant3
1094 704 1253 762 contraiis
1272 704 1368 762 futuri

194 799 298 858 formis
327 819 455 877 quarum
482 801 663 876 permutatio
691 799 824 859 librariis
851 817 910 857 non
938 799 1035 858 facilis
1063 802 1129 858 crat
1155 819 1302 876 nusquam
1329 795 1368 860 άν

195 897 330 956 additum
363 898 522 957 invenitur.
576 897 654 967 Quid
686 898 779 975 igitur
810 897 894 956 iuvat
926 898 1081 972 explorare
1115 916 1204 972 quam
1236 899 1297 958 vim
1329 894 1367 958 άν

194 996 297 1054 futuro
316 995 452 1054 additum
469 997 588 1072 habeat,
611 1016 678 1056 cum
696 1016 734 1055 nc
753 995 889 1054 additum
909 993 1029 1070 quidem
1047 1013 1112 1052 esse
1132 995 1206 1054 satis
1229 996 1367 1055 constet?

196 1093 274 1152 Tota
291 1094 423 1169 profacto
442 1095 515 1153 baec
534 1094 610 1153 ratio
630 1096 724 1155 solido
743 1096 825 1153 caret
844 1092 1045 1150 fundamento.
1084 1091 1169 1161 Quod
1191 1096 1225 1176 ut
1244 1094 1366 1154 uberius

194 1211 366 1268 persequar,
398 1193 528 1268 primum
560 1193 596 1251 de
629 1193 666 1252 iis
697 1193 770 1253 locis
801 1189 898 1248 dicam
926 1207 1000 1264 quos
1028 1188 1152 1248 vitiosos
1183 1209 1248 1249 esse
1280 1192 1367 1251 facile

192 1289 380 1364 perspicitur.
420 1290 504 1348 Nihil
527 1292 638 1350 certius
662 1293 708 1350 est
730 1308 820 1365 qnam
844 1282 956 1364 μέλλειν
978 1285 1064 1346 verbi
1087 1287 1254 1347 sententiae
1272 1289 1368 1348 infini-

192 1386 288 1446 tivum
312 1380 441 1446 cumdio
462 1407 523 1447 non
545 1388 716 1464 convenir03
743 1406 814 1445 nam
842 1385 950 1461 quibus
978 1384 1077 1444 verbis
1101 1388 1189 1460 aptus
1213 1387 1253 1446 sit
1277 1407 1368 1463 supra

193 1485 306 1543 dictum
325 1487 379 1546 est.
386 1478 411 1563 ¹)
445 1484 572 1544 Centum
591 1489 622 1546 et
640 1485 749 1563 viginti
767 1486 830 1543 fere
853 1483 933 1559 apud
952 1482 1159 1567 Thucydidem
1177 1484 1250 1544 loois
1268 1486 1367 1545 nudus

193 1582 357 1642 infinitivus
381 1583 455 1641 illud
479 1584 628 1663 sequitur,
648 1603 726 1643 unus
750 1585 797 1642 est
819 1581 881 1657 ubi,
905 1599 972 1639 cum
995 1582 1054 1640 duo
1077 1581 1217 1641 infinitivi
1241 1602 1366 1658 sequan-

193 1683 255 1753 tur,
283 1681 382 1756 priore
410 1682 473 1740 loco
501 1683 598 1740 nudus
627 1681 793 1741 infinitivus
821 1679 928 1756 futuri,
956 1679 1051 1738 altero
1079 1680 1159 1738 idem
1186 1681 1302 1739 adiecto
1328 1676 1367 1740 άν

192 1778 311 1852 legitur.
336 1779 436 1856 Atque
455 1798 515 1837 una
533 1782 653 1838 tantum
672 1781 794 1854 dempta
814 1779 918 1837 littera
939 1796 1013 1852 opus
1037 1780 1093 1854 cst,
1116 1781 1151 1837 ut
1174 1779 1291 1855 integer
1314 1781 1366 1840 ille

192 1877 307 1936 evadat.
354 1877 402 1937 Sic
430 1864 508 1936 enim
539 1879 623 1954 legas
647 1878 690 1935 VI
714 1879 764 1950 66,
790 1881 820 1934 1;
852 1869 885 1934 ἐν
909 1863 932 1959 ᾧ
955 1870 1051 1952 μάχης
1073 1896 1102 1934 τε
1125 1870 1224 1952 άρξειν
1247 1873 1367 1953 ἔμελλον

192 1965 276 2032 ὁπότε
304 1965 459 2052 βούλοιντο
487 1972 537 2033 καὶ
565 1974 596 2034 ot
621 1975 713 2052 ἱππῆς
744 1976 803 2033 τῶν
831 1972 1025 2049 Συρακοσίων
1057 1967 1161 2050 ήκιστα
1193 1966 1302 2053 (ἥκιστ’
1328 1967 1367 2033 tv

191 2063 288 2151 codd.)
317 2065 426 2144 αὐτοὺς
452 2120 458 2131 .
484 2119 490 2132 .
518 2067 670 2150 λυπήσειν.
716 2072 804 2131 Alter
830 2073 912 2131 locus
937 2070 1011 2129 VIII
1037 2076 1087 2146 71,
1113 2075 1128 2152 λ
1160 2077 1260 2132 exstat
1287 2074 1365 2133 huno

190 2170 221 2226 in
249 2169 368 2227 modum
397 2170 493 2229 adhuc
521 2171 632 2232 editus:
661 2164 677 2231 ὃ
708 2165 740 2228 δὲ
768 2169 896 2246 νομίζων
923 2162 977 2246 τήν
1004 2160 1093 2228 πόλιν
1123 2163 1177 2250 οὐχ
1208 2163 1365 2250 ἡσυχάζειν

191 2259 261 2326 οὐδὲ
284 2260 377 2339 εὐθυς
401 2262 476 2328 οὕτω
500 2263 552 2329 τὸν
575 2268 672 2347 δῆμον
694 2261 749 2346 τήν
770 2260 900 2326 παλαιάν
923 2262 1095 2343 ἐλευθερίαν
1117 2264 1314 2347 παραδώσειν,
1339 2270 1369 2330 εἴ

190 2387 218 2424 τε
238 2359 374 2443 στρατιάν
392 2361 505 2445 πολλὴν
524 2367 583 2427 ἴδοι
602 2370 698 2444 σφῶν,
718 2359 772 2426 οίκ
791 2357 830 2424 dv
848 2357 1007 2443 ἡσυχάσειν
1025 2387 1051 2424 κ.
1070 2387 1093 2427 τ.
1112 2370 1146 2442 λ.,
1170 2370 1222 2428 ubi
1240 2371 1364 2430 nimiam
1398 2419 1401 2428 .

193 2466 349 2523 verborum
373 2465 557 2524 affluentiam
581 2486 615 2525 eo
640 2469 782 2524 excusant
805 2464 884 2539 quod
907 2466 1041 2522 extrema
1064 2484 1169 2525 manus
1193 2468 1262 2527 huic
1286 2469 1365 2527 Thu-

190 2563 306 2638 cydidci
330 2563 428 2638 operis
451 2565 531 2639 parti
554 2583 613 2624 non
636 2564 777 2639 imposita
801 2563 848 2622 sit.
886 2562 928 2620 At
951 2562 1025 2620 mihi
1043 2563 1141 2621 fateor
1159 2567 1308 2625 neminem
1327 2588 1364 2626 ne

165 2678 167 2683 ⁸
190 2660 300 2718 cursim
323 2661 443 2735 quidem
466 2661 510 2719 ita
533 2662 715 2737 scripturum
740 2680 804 2720 esse
828 2660 931 2732 videri,
954 2660 1013 2719 nisi
1036 2661 1061 2718 is
1084 2662 1172 2720 homo
1196 2665 1284 2738 plane
1303 2666 1363 2724 sto-

190 2757 268 2816 lidus
297 2757 344 2817 sit.
391 2757 504 2817 Verum
531 2759 608 2820 vidit
636 2760 806 2837 Dobraeus‚
835 2758 883 2817 vir
910 2757 1012 2816 iudicii
1040 2761 1175 2821 acumine
1203 2763 1234 2820 in
1261 2765 1363 2839 paucis

189 2856 324 2932 insignis,
338 2856 432 2916 'cuius
455 2857 611 2932 ingeniosa
634 2858 757 2917 inventa
780 2859 848 2932 plns
870 2876 961 2932 quam
979 2875 1034 2932 par
1053 2862 1099 2917 est
1117 2859 1215 2919 adhuc
1234 2861 1363 2920 editores

189 3091 250 3126 σκει
267 3070 371 3134 πάντες
390 3068 555 3126 παντάπασι
573 3068 824 3140 διαφθαρήσονται
843 3072 878 3125 ad
894 3073 984 3126 solum
1000 3067 1213 3140 ἐπιτηδεύοντες
1228 3071 1265 3129 ἄν
1279 3076 1363 3130 refer-

188 3153 246 3220 tur,
271 3154 423 3221 eademque
447 3152 557 3206 ratione
580 3153 609 3206 id
633 3150 745 3207 videtur
766 3151 880 3207 retineri
899 3169 980 3221 posse
999 3153 1075 3221 apud
1093 3153 1203 3208 Isaeum
1222 3156 1260 3208 XI
1279 3162 1313 3211 47
1334 3151 1362 3222 ἐξ

188 3223 227 3286 ὧν
247 3227 282 3285 δν
302 3229 500 3300 διαβάλλοντες
518 3230 604 3286 πλέον
624 3231 700 3302 ἔχειν
720 3231 899 3301 δυνήσονται,
929 3232 1029 3285 Tribus
1044 3232 1118 3286 enim
1133 3233 1177 3287 his
1192 3235 1261 3289 locis
1276 3236 1362 3304 parti-

189 3310 264 3380 cipio
283 3329 345 3366 cum
365 3307 402 3367 ἄν
421 3311 593 3381 significatur
612 3314 687 3380 quod
707 3316 871 3368 eventurum
891 3328 951 3366 esse
969 3311 1116 3381 probabile
1135 3306 1190 3380 est,
1210 3315 1363 3370 indicativo

188 3392 275 3446 futuri
294 3393 381 3460 quod,
406 3391 430 3446 si
451 3392 505 3445 hoc
523 3392 573 3446 fiet
592 3395 636 3448 vel
655 3395 762 3448 factum
782 3391 845 3460 crit,
865 3394 941 3446 certo
960 3390 1078 3446 eveniet.
1117 3393 1251 3448 Similiter
1270 3391 1307 3450 ἄν
1327 3397 1362 3450 ab

188 3472 340 3529 indicativo
360 3472 448 3526 futuri
468 3474 654 3542 separandum
674 3476 718 3529 cst
735 3476 763 3528 in
777 3473 841 3526 Eur.
856 3469 916 3525 Alc.
933 3477 983 3525 181
995 3489 1035 3540 sq.
1056 3471 1085 3527 et
1101 3469 1129 3526 δ’
1146 3469 1214 3543 άλλη
1232 3495 1272 3537 τις
1290 3476 1361 3544 γονὴ

188 3551 368 3622 κεκτήσεται,
388 3586 419 3593 -
440 3549 561 3623 σώφρων
580 3554 632 3624 μὲν
652 3551 704 3608 οὐκ
723 3548 759 3608 dv
778 3552 882 3622 μᾶλλον
901 3551 971 3620 (scil.
992 3543 1086 3623 οὖσα),
1109 3551 1229 3623 εὐτυχής
1247 3552 1277 3608 δ’
1297 3560 1362 3619 ι”σως

187 3639 216 3688 ot
243 3633 272 3686 in
300 3634 395 3688 iocosa
422 3635 522 3688 horum
551 3635 698 3688 verborum
727 3634 885 3689 imitatione
917 3634 1000 3688 Arist.
1029 3634 1098 3702 Equ.
1124 3640 1247 3703 1251sq.
1277 3635 1307 3690 ot
1321 3632 1360 3691 δ’

187 3709 268 3774 ἄλλος
279 3733 319 3774 τις
327 3711 420 3784 λαβὼν
430 3712 609 3783 κεκτήσεται,
624 3746 657 3754 -
673 3713 792 3783 κλέπτης
806 3711 858 3783 μὲν
869 3709 921 3767 οὐκ
936 3709 973 3768 ἂν
988 3715 1093 3782 μᾶλλον
1108 3709 1227 3784 εὐτυχής
1241 3712 1270 3768 δ’
1287 3719 1358 3780 ίσως.

260 3794 285 3862 1)
310 3792 473 3861 Quanquam
498 3811 515 3846 a
538 3795 680 3863 cogitandi
703 3796 732 3849 vi
750 3795 827 3850 verbi
847 3793 955 3863 μέλλειν
975 3792 1143 3862 significatio
1162 3795 1288 3863 profecta
1307 3801 1357 3866 est,

186 3879 280 3929 tamen
305 3890 443 3941 nusquam
466 3872 664 3943 cogitationem
689 3876 747 3928 sine
766 3875 910 3928 voluntate
930 3872 1049 3940 indicat,
1074 3876 1104 3928 ct
1122 3892 1284 3944 quanquam
1304 3878 1359 3932 vim

188 3957 266 4011 illam
281 3955 321 4009 ita
335 3954 451 4008 retinuit
465 3955 497 4007 ut
517 3970 580 4007 oum
599 3953 738 4009 infinitivo
757 3953 845 4008 futuri
863 3953 942 4020 iungi
960 3956 1063 4021 posset,
1082 3955 1177 4009 tamen
1195 3972 1251 4011 non
1270 3957 1360 4026 magis

186 4054 249 4090 cum
271 4034 410 4091 infinitivo
434 4037 464 4089 et
486 4029 524 4089 dv
546 4033 672 4105 iungitur
695 4051 779 4103 quam
804 4034 913 4103 reliqua
941 4033 1051 4087 volendi
1079 4037 1166 4090 verba
1193 4035 1294 4105 quibus
1318 4037 1359 4091 vis

185 4116 303 4186 putandi
322 4116 368 4168 val
386 4115 497 4169 dicendi
515 4115 614 4170 innata
632 4117 683 4170 cst.
717 4115 771 4170 Ubi
785 4113 859 4169 enim
877 4115 948 4171 haec
966 4114 1121 4169 infinitivus
1139 4111 1253 4170 cumdio
1269 4116 1359 4183 sequi-

184 4200 230 4251 tur
252 4212 391 4264 nusquam
414 4197 527 4250 volendi
549 4197 717 4252 sententiam
740 4198 893 4252 assumunt.
935 4195 1008 4249 Nam
1036 4191 1073 4250 ἄν
1098 4195 1253 4265 particulae
1277 4195 1319 4249 vis
1343 4214 1360 4250 a

184 4273 340 4331 voluntatis
350 4274 553 4344 significatione
564 4277 735 4331 alienissima
746 4281 795 4332 est.
817 4278 907 4344 Quare
920 4279 1015 4346 potest
1024 4275 1111 4331 futuri
1122 4275 1235 4343 quidem
1245 4274 1359 4331 infiniti-

185 4376 234 4411 vus
253 4359 319 4425 post
336 4355 387 4409 illa
400 4357 486 4411 verba
500 4373 549 4427 per
562 4358 776 4412 translationem
791 4355 932 4427 quandam
947 4357 1077 4426 propriae
1092 4374 1187 4410 eorum
1203 4357 1358 4411 sententiae

187 4438 222 4491 ad
241 4436 416 4491 voluntatem
435 4437 544 4506 referri,
569 4439 618 4493 sed
636 4430 790 4494 infinitivds
808 4456 871 4492 cum
890 4434 928 4491 ἄν
948 4437 1025 4491 nullo
1044 4438 1127 4492 modo
1145 4438 1246 4507 potest.

1242 4612 1257 4647 Q
