3104 5078
670 365 887 427 ..46-

192 527 240 585 Ds
270 530 334 587 414
365 520 414 609 (cf.
443 529 514 588 ibid.
543 520 622 608 419)
652 531 683 586 66
710 528 740 584 in
769 527 906 604 Sicyonio
939 530 1069 605 antiquis
1101 530 1212 588 litteris
1245 532 1367 589 exarato

191 619 286 705 (Bull.
310 626 346 685 de
369 646 498 703 corresp.
521 627 600 685 Hell.
624 625 651 682 V
675 647 703 701 p.
728 621 807 705 351)
832 629 942 687 Σικοω.
1080 700 1082 705 .

242 794 245 800 .
280 724 365 783 Licet
388 727 468 784 recte
488 725 668 799 completum
689 719 1033 801 616Λι>ο<σκ>οορίι1οο
1053 723 1120 783 CIA
1139 725 1170 782 ΙΙ
1191 727 1231 785 66
1257 718 1365 805 (quam

190 842 280 898 quam
309 823 381 881 alibi
409 823 482 881 haec
509 823 607 881 forma
634 821 665 878 in
695 822 792 879 titulis
821 821 931 879 Atticis
960 842 1018 881 non
1046 824 1128 898 prior
1156 825 1202 881 est
1225 823 1316 881 tertio
1340 841 1366 880 a.

191 919 259 978 Chr.
281 923 413 996 saeculo,
437 920 473 979 cf.
492 919 541 978 Ds
561 911 650 998 418),
673 922 775 976 tamen
792 917 840 974 ΙΙΙ
866 921 915 995 75,
936 922 954 978 3
975 915 1158 998 Διοσκόρων,
1178 921 1257 996 quod
1276 919 1365 979 Laur.
1456 945 1460 950 ·

191 1016 260 1076 Chr.
293 1020 450 1096 praebent,
486 1016 715 1094 praeferendum
748 1033 814 1073 esse
847 1012 935 1074 alteri
973 1018 1139 1094 scripturae
1173 1010 1366 1093 Διοσκούρων

190 1121 347 1190 poctarum
371 1118 572 1177 scaenicorum
596 1133 669 1171 usus
698 1107 782 1193 (Eur.
806 1111 873 1169 Hel.
900 1114 994 1173 1644.
1021 1115 1114 1187 1667,
1143 1111 1193 1174 Or.
1218 1115 1290 1173 465.
1320 1112 1366 1170 nl.

195 1218 287 1275 1239.
317 1216 410 1275 Arist.
435 1215 503 1273 Pac.
528 1214 600 1271 285.
629 1211 707 1270 11661.
734 1211 827 1268 1069.
875 1209 1014 1284 Amphid.
1037 1211 1144 1286 fragm.
1170 1213 1199 1269 9.
1228 1207 1365 1267 Menand.

189 1312 296 1387 fragm.
323 1307 402 1392 719)
426 1313 520 1371 docet.
567 1309 685 1368 Pariter
708 1301 900 1384 Διοσκόρειον
924 1307 967 1364 IV
993 1311 1065 1383 110,
1092 1312 1106 1366 1
1139 1300 1366 1387 (Αιοσκούρειον

190 1413 244 1468 666
266 1404 465 1488 Διοσκούριον
487 1401 584 1487 libri),
614 1408 651 1464 de
682 1406 765 1465 cuius
791 1407 907 1480 reliqua
930 1406 1109 1464 formatione
1133 1406 1169 1464 cf.
1190 1397 1366 1479 Ἀσκληπιός

186 1501 390 1584 Ἀσκληπιεῖον
408 1501 490 1587 (014
507 1507 538 1565 Π
555 1508 617 1564 256
629 1497 673 1583 b),
687 1497 853 1579 Ἥφαιστος
867 1496 1067 1579 Ἡφαιστεῖον,
1083 1499 1199 1582 Ἴακχος
1214 1496 1366 1579 Ἰακχεῖον.

278 1606 339 1664 Pro
362 1600 497 1679 ἄπωθεν,
520 1623 611 1679 quam
633 1603 760 1659 formam
784 1621 886 1660 veram
910 1621 976 1661 esse
1000 1607 1031 1661 et
1054 1602 1165 1661 Herod.
1189 1602 1204 1659 I
1228 1603 1302 1673 500,
1323 1602 1364 1659 25

189 1703 275 1760 dccet
299 1706 329 1760 et
351 1705 508 1776 poetarum
533 1701 736 1773 scaenicorum
760 1717 831 1757 usus
857 1692 908 1778 (cf.
933 1699 1227 1774 Soph.Ant.1206.
1258 1697 1366 1756 Trach.

191 1802 263 1859 816.
283 1801 353 1858 Eur.
373 1800 492 1859 Heracl.
513 1802 588 1859 674.
610 1798 675 1872 Iph.
694 1797 730 1854 A.
752 1799 823 1855 983.
848 1797 913 1870 Iph.
933 1796 967 1855 T.
989 1800 1060 1856 108.
1084 1795 1176 1854 Arist.
1196 1794 1250 1853 Av.
1270 1796 1366 1854 1184.

189 1898 268 1957 Plut.
284 1890 363 1979 674)
382 1898 545 1971 confirmat,
568 1896 648 1972 apud
668 1895 721 1952 Th.
742 1893 880 1952 omnibus
898 1895 971 1953 locis
991 1896 1022 1952 in
1040 1899 1126 1970 parte
1146 1892 1228 1952 codd.
1248 1886 1366 1950 ἄποθεν

188 1996 309 2070 legitur.
361 1995 472 2056 Contra
499 1989 623 2073 πλόιμος
651 1993 740 2052 alteri
773 1993 939 2068 scripturae
972 1987 1102 2070 πλόιμος
1134 1989 1365 2066 praeferendum

189 2097 242 2158 est.
285 2093 362 2151 Nam
385 2096 440 2153 hoc
464 2113 483 2152 a
504 2090 581 2153 πλέω
607 2093 761 2151 derivatur
784 2091 907 2166 perinde
930 2094 1021 2166 atque
1039 2085 1168 2167 μόνιμος
1191 2105 1209 2144 6
1232 2082 1309 2163 μένω
1334 2089 1366 2144 66

189 2189 279 2266 Soph.
303 2191 361 2250 00.
388 2193 450 2250 663
471 2210 540 2250 cum
564 2213 587 2250 ω
610 2200 671 2253 6611
693 2182 824 2263 πλόιμος
848 2189 921 2247 dixit
945 2189 996 2247 sed
1019 2181 1176 2263 πλώσιμος.

279 2289 424 2348 Similiter
447 2289 676 2365 praeferendum
699 2290 746 2344 est
768 2287 940 2368 πανοικεσίᾳ
963 2278 1156 2368 (callist,
1177 2285 1194 2341 2
1215 2283 1277 2341 Pal.
1297 2301 1366 2342 cum

189 2386 304 2460 aliquot
332 2384 543 2462 deterioribus,
572 2386 603 2444 Π
633 2387 683 2460 16,
713 2388 729 2443 1
759 2385 846 2459 pauci
873 2379 1051 2463 deteriores)
1079 2383 1167 2442 alteri
1197 2381 1366 2456 scripturae

188 2483 380 2565 asscripsit),
409 2503 478 2542 nam
508 2488 538 2542 66
564 2485 662 2542 forma
690 2486 721 2541 et
748 2483 793 2541 uis
819 2483 881 2540 eins
905 2483 1041 2541 vocabuli
1070 2473 1168 2563 (valet
1190 2480 1268 2538 enim
1292 2481 1366 2538 πᾶσι

188 2585 248 2651 τοῖς
276 2574 415 2663 οἰκέταις)
443 2581 611 2641 revocanda
640 2583 686 2638 est
715 2579 752 2638 ad
780 2576 890 2656 οἰκέτης
915 2584 949 2638 66
977 2573 1121 2658 ὑπηρεσία
1144 2579 1181 2637 ad
1207 2569 1363 2654 ὑπηρέτης.

188 2678 298 2737 Moeris
322 2680 441 2755 quidem
466 2677 644 2759 πανοικησίρι
664 2671 799 2754 Ἀττικοί,
827 2678 950 2738 πανοικλ
965 2672 1123 2755 Ἕλληνες,
1147 2676 1199 2736 sed
1222 2675 1297 2755 Poll.
1320 2675 1365 2732 VI

193 2779 253 2836 163
277 2777 461 2856 πανοικεσίᾳ,
474 2797 508 2836 ex
532 2776 720 2853 Antiphonte
744 2775 838 2834 affert.
878 2775 962 2844 Quod
986 2779 1086 2834 autem
1111 2792 1163 2849 pro
1188 2763 1271 2845 ἐθές,
1295 2790 1364 2829 con-

188 2876 305 2950 suetus,
332 2876 363 2933 II
387 2878 438 2949 44,
464 2878 482 2933 2
512 2874 732 2933 Herwerdenus
760 2864 841 2949 ἠθάς
869 2875 1004 2948 reposuit
1032 2867 1082 2951 (cf.
1107 2872 1196 2946 Soph.
1220 2870 1266 2928 El.
1291 2871 1365 2929 372.

189 2972 259 3031 Eur.
284 2971 365 3048 Cycl.
389 2975 462 3032 250.
486 2973 578 3030 Andr.
605 2962 700 3051 818),
727 2971 910 3030 consuetudo
934 2973 988 3031 Th.
1012 2969 1083 3042 ἔθος
1109 2972 1154 3028 666
1184 2961 1310 3048 (1123,
1336 2971 1363 3035 1,

186 3068 336 3144 6161.
362 3073 412 3148 64,
433 3076 460 3130 a.
484 3070 652 3146 16361,
677 3071 712 3128 ιι.
738 3068 827 3144 sopn.
851 3069 926 3129 Phil.
953 3073 1026 3129 664.
1050 3070 1121 3128 nur.
1146 3067 1249 3142 Suppl.
1273 3058 1363 3145 340),

185 3160 250 3243 ἤθη
278 3187 375 3227 mores
406 3163 451 3249 (ΙΙ
475 3171 526 3245 61,
550 3171 579 3227 4.
609 3167 652 3225 VI
679 3170 728 3244 18,
754 3161 800 3245 7),
829 3170 860 3225 et
888 3171 1046 3243 utramque
1074 3169 1202 3225 formam
1229 3165 1365 3239 agnoscit

188 3266 252 3323 Ael.
277 3266 438 3343 Dionysius
463 3268 542 3343 apud
566 3256 704 3324 Eristath.
729 3285 756 3339 p.
784 3267 877 3341 1480,
904 3270 953 3325 12.

276 3363 329 3422 Th.
354 3364 414 3424 αἰεί
434 3365 588 3439 scripsisse
612 3364 742 3423 Marcell.
767 3365 807 3422 52
833 3366 963 3423 testatur
985 3365 1034 3422 his
1063 3363 1176 3422 verbis:
1204 3363 1304 3439 χρῆται
1327 3362 1362 3440 τῇ

187 3453 293 3540 ἀρχαίᾳ
315 3455 430 3537 αἰτθίδι,
458 3457 529 3522 ὅταν
552 3508 559 3521 .
584 3509 590 3519 .
615 3510 620 3521 .
649 3455 714 3538 τὴν,
732 3459 903 3542 δίφθογγον
925 3457 979 3540 τὴν
1002 3486 1033 3522 αι
1056 3455 1121 3520 ἀντὶ
1143 3462 1195 3519 τοῦ
1218 3482 1237 3517 α
1260 3453 1362 3541 γράφη

187 3557 245 3616 αἰεί
271 3555 378 3637 λέγων,
406 3579 482 3636 quae
512 3561 661 3635 scriptura
685 3561 859 3619 constanter
881 3562 913 3619 in
935 3562 998 3623 Pal.
1022 3564 1053 3620 et
1075 3558 1212 3635 plurimis
1236 3558 1308 3615 locis
1332 3557 1363 3615 in

186 3657 265 3732 Aug.
288 3651 339 3735 (cf.
358 3658 513 3717 Weidneri
532 3658 654 3733 Parerg.
674 3677 702 3732 p.
724 3648 757 3736 9)
782 3661 813 3715 et
832 3658 871 3717 M.
896 3663 1016 3718 servata
1040 3660 1095 3716 cst.
1132 3654 1208 3714 0661
1231 3655 1262 3712 in
1284 3654 1361 3712 anti-

186 3755 252 3828 quis
284 3756 529 3833 inscriptionibus
560 3756 675 3831 pariter
704 3754 763 3813 αἰεί
789 3757 820 3814 66
851 3749 899 3815 ἀεί
924 3755 1094 3814 inveniatur
1127 3746 1190 3839 (cf.v
1206 3752 1359 3810 Meisterh.

187 3850 206 3926 ξ
232 3856 260 3925 9,
287 3848 333 3934 1),
359 3875 419 3915 666
443 3859 490 3914 666
512 3874 565 3913 cur
588 3854 642 3912 Th.
666 3873 725 3913 non
748 3853 871 3927 perinde
902 3859 991 3931 atque
1015 3850 1196 3927 Antiphonti
1218 3848 1277 3908 αἰεί
1296 3849 1362 3907 red-

186 3951 283 4008 datur.
339 3952 456 4010 Nimius
488 3955 589 4010 tamen
622 3956 669 4010 est
699 3951 933 4030 Herwerdenus,
965 3951 1044 4027 qnod
1076 3950 1159 4007 nullo
1191 3947 1362 4006 testimonio

186 4049 305 4107 adiutus
343 4048 454 4123 ubique
490 4032 637 4128 Ἀηαιικός
674 4045 923 4126 Παναθηναιικός
959 4040 1173 4126 Κερκυραιικός
1213 4044 1362 4123 Θηβαιίιλα

146 4132 150 4139 ’
186 4148 295 4205 similia
323 4147 434 4222 duplici
462 4170 472 4204 ι
500 4147 656 4206 scribenda
685 4165 751 4206 esse
780 4148 862 4208 dicit.
911 4149 988 4207 Nam
1021 4149 1052 4205 in
1084 4148 1197 4206 talibus
1229 4165 1324 4205 unum
1352 4168 1363 4203 ι
1400 4154 1403 4158 ’

186 4245 257 4302 elidi
280 4245 412 4318 potuisse
437 4248 468 4303 66
491 4238 629 4322 Εὐβοῖδα
653 4245 786 4303 ostendit
810 4246 901 4322 Seph.
924 4248 1029 4305 Trach.
1057 4248 1106 4304 74.
1137 4247 1206 4302 Eur.
1230 4245 1295 4304 Ion.
1320 4245 1361 4303 60

188 4344 305 4418 (contra
324 4336 456 4420 Ἀχαιίδα
479 4343 585 4401 Aesch.
610 4342 690 4417 Sept.
715 4336 770 4422 28)
795 4347 827 4401 66
846 4344 999 4417 Φωκαλιλες
1023 4343 1090 4403 cin
1110 4343 1125 4401 I
1146 4346 1218 4419 199,
1243 4343 1363 4414 Φωκαῒς

188 4440 219 4498 ΙΙ
244 4444 316 4500 649.
342 4444 414 4516 660,
440 4434 596 4512 Φωκαικός
618 4440 649 4499 Π
672 4443 745 4500 651.
766 4443 838 4502 660.
861 4446 933 4517 708,
954 4435 1086 4520 Ἀχαϊκός
1106 4441 1135 4499 ΙΙ
1157 4443 1219 4499 723
1244 4433 1363 4519 (contra
