3104 5078
664 367 880 431 ..19-

189 534 280 592 rebus
303 551 369 591 eum
391 533 557 592 rectissime
576 532 722 591 iudicaret
740 530 871 590 Cobetus
894 531 926 588 in
944 526 1086 590 Mnemos.
1106 531 1148 588 XI
1166 552 1194 606 p.
1214 533 1280 591 350
1290 551 1361 610 sqq,

188 632 219 689 in
246 649 280 689 eo
307 634 409 689 tamen
436 633 548 690 erravit
576 631 655 706 quod
683 629 773 687 etiam
801 649 819 687 a
847 629 1032 688 διανοεῖσθαι
1060 630 1150 687 verbo
1181 629 1361 690 infinitivum

188 729 284 787 futuri
303 730 435 787 alienum
455 749 520 789 esse
539 729 678 804 opinatus
698 730 752 785 est.
789 727 868 785 Nam
891 731 973 785 certa
996 726 1060 785 eius
1085 728 1220 803 exempla
1242 730 1362 786 exstant

188 846 206 885 a
229 825 342 886 Oobeto
365 847 488 901 prorsus
511 827 649 904 neglecta
671 826 702 883 in
725 824 833 900 quibus
858 825 895 883 de
919 823 1083 883 scribarum
1112 844 1213 883 errore
1239 826 1361 883 minime

188 924 314 998 eogitari
337 925 442 998 possit.
478 925 612 983 Primum
634 924 690 982 hoo
714 925 773 981 est:
796 921 840 978 IV
862 923 935 994 115,
960 924 978 979 2
1003 924 1037 1002 τῇ
1060 915 1088 980 δ’
1109 915 1245 1004 ὑστεραίᾳ
1269 946 1360 1001 μηχα-

187 1025 244 1099 νῆς
267 1018 426 1101 μελλούσης
448 1017 649 1099 προσάξεσθαι
672 1015 772 1090 αὐτοῖς
799 1013 859 1079 άπὸ
886 1023 945 1079 τῶν
973 1015 1130 1095 ἐναντίων,
1158 1013 1213 1096 ἀφ’
1238 1009 1275 1098 ἧς
1301 1025 1361 1099 πῦρ

189 1111 306 1198 ε’νήσειν
325 1120 493 1180 διενοοῦντο
512 1114 595 1191 tgr&
615 1113 718 1191 ξάλινα
736 1113 984 1196 παραφράγματα,
1007 1164 1012 1174 .
1034 1163 1040 1176 .
1059 1110 1175 1197 πύργον
1194 1114 1313 1190 ξύλινον
1333 1167 1360 1180 ..

188 1211 378 1295 ἀντέστησαν,
405 1219 484 1294 quod
507 1219 597 1278 simul
621 1216 752 1277 ostendit
775 1234 834 1291 qua
856 1215 971 1275 ratione
994 1214 1133 1273 inductus
1157 1219 1284 1292 scriptor
1306 1219 1362 1276 hae

188 1319 348 1377 verborum
373 1321 527 1377 structura
549 1336 622 1376 usus
646 1317 692 1376 sit
741 1313 861 1372 Etenim
887 1309 1000 1389 μέλλειν
1022 1314 1107 1371 verbi
1132 1316 1281 1374 sententia
1305 1316 1360 1374 διε-

186 1418 312 1476 νοοῦντο
335 1416 507 1491 praeditum
533 1434 599 1474 esse
621 1415 718 1474 voluit
741 1416 784 1484 et,
812 1430 849 1469 ne
872 1410 948 1468 illud
970 1410 1146 1484 iteraretur,
1174 1414 1229 1472 hoe
1251 1414 1360 1488 posuit.

187 1514 321 1572 Eandem
346 1514 491 1572 rationem
516 1513 547 1570 in
570 1514 633 1571 loeo
656 1512 828 1571 Herodoteo
852 1508 951 1567 valere
974 1509 1164 1583 perspicuum
1188 1514 1242 1569 est.
1283 1511 1360 1568 Nam

186 1608 247 1667 VII
281 1613 354 1670 206.
389 1614 450 1671 207
491 1606 609 1687 ἔμελλον
646 1602 818 1688 ὁρτάσαντες
854 1602 904 1664 καὶ
936 1599 1071 1682 φάλαιιας
1101 1602 1232 1679 λιπόντες
1264 1606 1296 1666 ἕν
1328 1612 1361 1689 τῇ

186 1701 309 1789 Σπάρτη
337 1701 410 1766 κατὰ
437 1702 524 1786 τάχος
550 1700 715 1784 βοηθήσειν
741 1702 902 1780 πανδημεί·
931 1694 971 1773 ὣς
1001 1699 1033 1762 δὲ
1061 1703 1111 1763 καὶ
1134 1705 1165 1764 οί
1184 1704 1282 1766 λοιποὶ
1305 1711 1363 1766 τῶν

186 1801 347 1884 ξυμμάχων
378 1801 539 1865 ἒννὲνωντο
573 1802 623 1863 καὶ
651 1797 733 1863 αὐτοὶ
762 1797 842 1879 ἕτερα
869 1802 988 1859 τοιαῦτα
1015 1796 1150 1880 ποιήσειν
1178 1850 1185 1863 .
1216 1850 1222 1862 .
1252 1852 1257 1863 .
1286 1798 1362 1865 οὕτω

187 1899 361 1962 διενένωντο
388 1896 524 1979 ποιήσειν
553 1903 646 1962 verba
673 1896 835 1961 ἐννίνωντο
863 1900 894 1955 ot
922 1895 1094 1959 διενένωντο
1124 1902 1248 1959 eandem
1273 1906 1363 1978 atque

187 1997 306 2077 ἔμελλον
333 2001 393 2059 vim
420 2000 541 2059 habent.
586 1999 679 2058 Alter·
703 2001 785 2057 loeus
814 1995 1025 2070 Thucydideus
1059 1998 1107 2056 oui
1135 1998 1224 2057 fidem
1253 2001 1363 2059 habere
1420 2045 1422 2063 .

187 2116 306 2157 neeesse
340 2099 380 2157 sit
407 2097 451 2155 IV
483 2100 554 2170 121,
586 2102 601 2155 1
636 2098 760 2174 legitur:
793 2087 844 2152 τόν
874 2113 903 2151 τε
930 2087 1058 2171 πόλεμον
1092 2096 1261 2157 διενοοῦντο
1294 2118 1363 2175 προ-

187 2188 295 2271 θάμως
318 2195 419 2254 οἴσειν.
455 2196 491 2253 In
512 2196 558 2254 his
577 2195 670 2270 igitur
688 2193 761 2251 loeis
781 2211 848 2250 eum
867 2190 1059 2251 librariorum
1075 2214 1211 2254 errorem
1230 2198 1363 2254 statuere

186 2311 246 2350 non
269 2293 372 2366 liceat,
399 2313 437 2351 ne
459 2292 490 2350 in
513 2292 636 2368 reliquis
665 2291 783 2367 quidem
808 2287 867 2345 VII
892 2290 943 2364 56,
969 2293 995 2348 1.
1030 2291 1105 2357 VIII
1129 2294 1181 2370 55,
1206 2296 1233 2351 2.
1270 2294 1319 2367 74,
1345 2295 1362 2351 3

186 2389 353 2450 infinitivus
377 2391 472 2449 futuri
496 2390 702 2450 sollicitandus
727 2393 781 2448 est.
820 2385 961 2444 Ceterum
981 2386 1086 2448 Cobeti
1110 2391 1218 2448 erroris
1243 2409 1363 2449 consors

187 2492 235 2546 est
249 2488 380 2547 Thomas
395 2489 540 2564 Magister
554 2509 582 2563 p.
600 2490 649 2562 67,
667 2489 717 2549 15.
747 2485 832 2555 Quod
847 2488 948 2544 autem
964 2485 1125 2546 Classenus
1140 2489 1172 2546 in
1186 2489 1252 2548 adn.
1269 2490 1306 2546 ad
1321 2489 1364 2546 VI

189 2589 216 2658 6,
229 2589 246 2642 2
262 2585 335 2659 ipsis
346 2586 393 2645 his
408 2587 493 2645 verbi
508 2576 695 2644 διανοεῖσθαι
708 2604 776 2643 eum
791 2583 886 2641 futuri
900 2583 1046 2644 infinitivo
1062 2586 1210 2646 ooniunoti
1221 2588 1363 2662 exemplis

188 2682 322 2740 excusari
350 2686 440 2757 putat
467 2684 594 2741 eundem
621 2682 801 2742 infinitivum
828 2682 947 2739 volendi
970 2684 1062 2741 verba
1085 2684 1202 2742 δεῖσθαι
1225 2682 1363 2761 ἐφίεσθαι
1455 2753 1457 2757 ,

187 2773 349 2856 βούλεσθαι
376 2779 494 2838 πείθειν
517 2783 706 2856 sequentem,
738 2779 924 2839 διανοεῖσθαι
947 2782 1066 2856 proprie
1090 2783 1213 2841 verbum
1238 2782 1363 2857 putandi

188 2881 235 2936 est
257 2878 424 2953 cogitare
447 2878 550 2937 valeus
575 2879 605 2937 et
627 2879 672 2936 ita
695 2878 733 2936 ad
757 2878 943 2938 uoluntatem
963 2879 1146 2938 transfertur
1165 2888 1199 2938 ut
1217 2880 1363 2955 principa-

188 2976 247 3033 lem
272 2995 306 3034 ao
329 2977 497 3035 naturalem
521 2978 699 3035 sententiam
724 2975 941 3052 quodammodo
961 2977 1098 3036 retineat.
1135 2977 1235 3053 Atque
1259 2979 1363 3037 eadem

188 3075 234 3131 est
261 3072 402 3132 infinitivi
429 3074 526 3132 futuri
553 3093 621 3133 eum
650 3071 763 3151 με’λλειν
791 3077 883 3134 verbo
911 3075 1060 3134 coniuncti
1091 3076 1181 3151 ratio,
1213 3095 1280 3134 oum
1308 3076 1364 3134 hoe

187 3190 304 3244 quoque
327 3172 489 3229 seeundum
514 3170 548 3230 G.
573 3170 670 3230 Curtii
692 3165 816 3247 Iltym.4
843 3191 871 3245 p.
897 3173 958 3229 332
984 3172 1105 3246 proprie
1129 3172 1279 3246 cogitandi
1302 3174 1363 3231 vim

187 3268 310 3342 habeat,
339 3287 415 3342 quae
443 3270 534 3326 etiam
561 3270 697 3343 perlucet
724 3269 798 3327 loeis
827 3269 923 3344 qualis
952 3273 999 3327 est
1027 3268 1071 3327 VI
1101 3271 1151 3343 66,
1181 3273 1208 3327 1.
1259 3271 1363 3346 Neque

187 3364 276 3422 aliter
299 3365 490 3439 explicandus
514 3365 679 3425 infinitivus
703 3366 799 3424 futuri
821 3369 891 3440 post
914 3364 1007 3444 ἐπεῖχε
1027 3367 1135 3425 Herod.
1156 3367 1170 3423 I
1190 3370 1241 3444 80,
1264 3366 1297 3426 ἐν
1320 3371 1363 3449 νῷ

122 3503 124 3507 ·
187 3460 263 3540 ἔχειν
286 3463 396 3522 Herod.
420 3464 435 3521 Ι
460 3467 510 3523 10.
534 3465 585 3523 86.
613 3462 689 3521 VIII
716 3467 744 3523 7.
769 3465 798 3522 8.
827 3463 870 3519 IX
895 3465 945 3536 93,
974 3455 1141 3543 ὁμολογεῖν,
1170 3485 1238 3524 non
1260 3485 1363 3525 recu-

188 3579 279 3633 sare,
305 3562 383 3636 quod
402 3562 522 3636 proprie
541 3564 665 3621 verbum
688 3561 805 3620 dicendi
829 3564 884 3629 est,
908 3561 987 3622 Plat.
1005 3561 1086 3621 Prot
1107 3565 1171 3621 338
1182 3582 1207 3623 e.
1236 3563 1362 3624 Phaedr.

189 3658 292 3732 2541),
316 3657 429 3734 δοκεῖν,
452 3659 488 3716 in
512 3661 629 3718 animo
653 3661 801 3732 habere,
825 3659 916 3719 Arist.
941 3660 1014 3717 Ran.
1041 3662 1112 3735 188,
1136 3663 1263 3736 στεῦται,
1287 3664 1361 3719 ani·

187 3774 278 3811 mum
305 3756 458 3832 inducit,
487 3757 573 3815 Hom.
603 3758 638 3817 Il.
666 3757 713 3815 ΠΙ
742 3758 793 3816 83.
826 3756 933 3815 Aeseh.
961 3756 1042 3816 Pers.
1073 3759 1125 3833 49,
1154 3757 1202 3816 oui
1229 3758 1363 3817 innatam

188 3871 252 3911 esse
285 3853 426 3928 opinandi
457 3854 518 3912 vim
546 3854 632 3913 Hom.
662 3854 695 3912 Il.
722 3855 755 3912 Π
786 3856 859 3913 597.
892 3853 946 3912 Od.
975 3853 1061 3912 XVII
1096 3856 1159 3913 525
1193 3856 1362 3914 ostendunt.

187 3951 242 4007 His
266 3952 366 4008 autem
392 3951 492 4009 verbis
516 3951 653 4009 omnibus
678 3951 864 4025 significatur
888 3951 966 4026 quod
986 3952 1052 4026 quis
1071 3954 1135 4027 ipse
1154 3954 1288 4012 facturus
1308 3957 1362 4028 est,

186 4068 246 4105 non
274 4047 352 4124 quod
381 4049 473 4106 alium
496 4050 562 4108 vult
590 4050 696 4108 faeere.
743 4048 849 4125 Itaque
877 4050 946 4107 inde
973 4050 1052 4125 quod
1085 4070 1121 4108 ea
1148 4070 1215 4109 oum
1243 4051 1362 4111 uolendi

187 4147 337 4205 sententia
364 4146 543 4207 infinitivum
573 4148 667 4206 futuri
696 4167 797 4207 seeum
824 4147 937 4206 habent
964 4147 1038 4205 nihil
1067 4149 1195 4206 efficitur
1222 4149 1260 4205 ad
1284 4168 1361 4206 eorn-

186 4244 372 4319 probandum
401 4245 528 4303 eundem
556 4247 641 4304 verbi
669 4246 785 4305 πείθειν
812 4266 901 4306 usum
929 4249 982 4304 aut
1010 4264 1114 4303 eorum
1146 4245 1263 4304 volendi
1296 4266 1361 4306 ver-

186 4343 293 4399 borum
317 4343 425 4416 quibus
449 4343 574 4418 putandi
598 4344 646 4402 vel
670 4344 784 4403 dicendi
809 4347 854 4404 vis
878 4363 937 4403 non
960 4343 1051 4402 insita
1071 4346 1126 4400 est.
1164 4341 1243 4399 Nam
1266 4344 1297 4400 in
1320 4342 1362 4400 in-

187 4440 304 4499 finitivo
332 4441 428 4498 futuri
455 4442 533 4500 idem
564 4443 644 4500 valet
672 4444 749 4517 quod
774 4442 804 4499 in
827 4443 974 4501 infinitivo
1004 4461 1070 4499 oum
1098 4435 1136 4498 άν
1159 4441 1274 4498 iuncto:
1302 4461 1360 4499 non

1111 4540 1148 4592 2*
