3104 5078
671 371 885 433 ..43-

191 538 223 610 63
252 535 288 594 cf.
317 535 470 594 Meisterh.
499 532 519 609 ξ
544 536 595 611 50,
624 525 672 614 6),
704 536 809 609 poetae
838 534 962 592 scaenici
991 554 1025 595 eo
1053 537 1276 611 abstinuerunt,
1307 535 1368 596 nisi
1441 578 1442 581 ,

191 633 269 706 quod
294 652 360 690 cum
383 633 461 691 crasi
483 626 541 691 cciv
564 632 711 690 dixerunt.
757 630 846 705 Apud
870 630 925 692 Th.
952 631 1049 691 trihus
1072 636 1191 691 tantum
1214 633 1287 692 locis
1310 636 1366 693 hoc

189 724 227 787 iic
255 730 340 789 libris
368 731 621 790 consentientibus
654 731 766 804 exstat,
798 747 924 804 quorum
957 749 1016 788 uno
1049 721 1109 811 (IV
1137 733 1188 808 46,
1218 723 1251 812 3)
1280 732 1366 789 nulla

189 827 292 886 littera
316 831 432 887 mutata
456 822 522 887 ὥστ’
548 824 601 887 ἐάν
624 827 753 887 scribere
777 826 859 899 licet,
889 826 1004 886 duobus
1028 827 1151 905 reliquis
1176 820 1234 907 (VI
1260 831 1308 900 13,
1334 832 1362 888 1.

192 927 241 998 18,
266 918 300 1005 6)
330 947 343 984 ε
370 926 538 984 addendum
567 929 621 984 est.
668 923 726 981 Sed
756 927 913 998 praeterea
941 926 1068 984 maxime
1096 925 1289 984 memorabile
1317 928 1364 983 est

190 1022 268 1099 quod
292 1023 346 1083 Th.
374 1025 406 1082 in
432 1023 528 1100 pactis
557 1043 576 1082 a
604 1042 635 1082 66
664 1022 821 1096 exscriptis
850 1022 965 1081 duobus
993 1026 1112 1081 tantum
1135 1024 1208 1083 locis
1233 1017 1286 1082 ἐάν
1306 1014 1363 1103 (IV

193 1122 264 1197 118,
284 1124 312 1179 4.
336 1121 364 1177 V
383 1124 435 1200 47,
457 1115 523 1201 12),
545 1116 585 1199 ἥν
603 1121 783 1180 undetrioies
803 1120 903 1178 habet.
940 1119 1005 1179 Hoc
1026 1125 1127 1180 tamen
1150 1122 1193 1178 ita
1216 1121 1365 1196 explicare

188 1218 258 1277 licet
285 1223 319 1277 ut
343 1221 409 1293 Th,
444 1240 511 1279 cum
538 1222 627 1296 pacta
655 1239 708 1279 suo
737 1218 865 1278 sermoni
894 1218 1101 1277 convenientia
1129 1221 1281 1291 redderet,
1310 1238 1363 1278 suo

187 1336 269 1376 more
296 1318 434 1392 plurimis
462 1319 534 1378 locis
563 1312 602 1395 ἤν
629 1338 682 1393 pro
711 1311 765 1376 ἐάν
793 1315 987 1374 substituisse
1017 1317 1196 1393 cogitemus,
1225 1316 1364 1374 similiter

188 1415 278 1489 atque
302 1415 519 1491 Aristophanes
542 1416 574 1472 in
596 1415 674 1475 fictis
698 1413 885 1490 populiscitis
909 1412 965 1471 Av.
991 1416 1085 1475 1035.
1111 1417 1197 1474 1050
1220 1407 1286 1487 ἐάν,
1310 1415 1362 1472 sed

187 1511 259 1586 Lys.
285 1513 379 1572 1015.
406 1515 488 1573 1017
517 1507 558 1591 ἤν
585 1513 675 1571 metri
703 1530 794 1571 causa
820 1512 902 1570 dixit.
950 1513 1028 1570 Nam
1051 1513 1083 1570 in
1106 1513 1221 1588 reliquo
1245 1531 1363 1587 quoque

188 1631 276 1687 opere
299 1613 351 1671 1116
375 1605 428 1671 ἐάν
451 1631 505 1686 pro
528 1606 1178 1688 116161166611666661161611661166116161,
1203 1629 1270 1668 cum
1287 1609 1364 1667 illud

188 1711 285 1768 decios
310 1704 339 1790 (I
362 1713 414 1785 44,
440 1713 467 1769 1.
501 1709 547 1767 ΙΠ
571 1711 674 1784 47,·2.
708 1707 753 1766 IV
778 1710 827 1781 23,
854 1710 882 1766 1.
916 1709 967 1784 46,
992 1710 1019 1766 3.
1052 1707 1095 1766 VI
1121 1709 1170 1776 13,
1199 1711 1225 1766 1.
1262 1709 1310 1783 18,
1335 1711 1362 1767 (i.

189 1808 240 1882 96,
262 1810 288 1866 1.
313 1805 372 1863 VH
393 1809 443 1882 68,
464 1808 491 1865 3.
517 1806 591 1865 VIII
612 1808 662 1880 75,
683 1808 701 1864 3
722 1799 791 1885 his),
816 1800 855 1882 ἥν
878 1805 1032 1864 ducenties
1054 1807 1117 1864 fere
1136 1808 1167 1864 et
1186 1803 1363 1880 quadragies

188 1902 348 1977 scripserit.
387 1901 444 1962 Sed
468 1905 582 1963 accedit
605 1902 687 1961 aliud
711 1903 801 1961 etiam
825 1898 923 1979 magis
946 1903 1149 1962 memorabile.
1188 1901 1262 1961 Cum
1285 1903 1362 1960 enim

189 2020 243 2076 pro
266 1994 442 2060 1611161616
465 2003 562 2060 titulis
582 2001 691 2060 Atticis
713 2019 862 2076 nusquam
886 2001 926 2059 sit
949 1994 1024 2078 ἐπήν
1046 2019 1143 2076 neque
1167 2000 1230 2075 ipse
1250 2000 1305 2059 Th.
1328 2019 1362 2058 eo

187 2097 259 2156 alibi
283 2101 401 2175 utatur,
424 2099 455 2157 in
478 2100 648 2158 foederibus
672 2100 710 2158 ab
734 2118 770 2156 eo
794 2099 915 2157 traditis
938 2102 986 2156 161
1013 2093 1055 2176 (V
1079 2100 1130 2175 47,
1156 2101 1184 2158 6.
1211 2098 1288 2156 VIII
1313 2101 1364 2171 58,

188 2198 217 2254 6.
242 2186 275 2275 7)
299 2186 390 2271 ἐπήν,
412 2216 559 2273 nusquam
584 2191 705 2257 ἐπειδάν
728 2196 911 2272 invenimus,
938 2196 1027 2271 idque
1052 2214 1086 2254 6ο
1109 2195 1206 2272 magis
1229 2196 1362 2255 notabile

187 2290 306 2350 videtur
333 2312 400 2352 esse
428 2295 507 2370 quod
535 2285 658 2353 dubium
687 2297 734 2353 est
756 2313 827 2353 num
851 2294 904 2354 Th.
929 2296 1028 2352 aetate
1052 2294 1083 2351 iu
1106 2294 1277 2353 Atticorum
1302 2314 1362 2353 ser·

187 2407 272 2448 mone
302 2387 424 2451 omnino
452 2386 655 2469 6616166111.
701 2394 779 2450 Nam
807 2391 914 2477 tragici
939 2411 973 2451 eo
995 2409 1119 2466 prorsus
1143 2391 1363 2465 abstinuerunt,
1410 2449 1440 2468 ·.

187 2506 252 2544 cum
277 2487 308 2545 in
331 2488 421 2565 Soph.
444 2490 551 2567 fragm.
572 2492 633 2549 671
660 2482 777 2572 (1111111.)
801 2510 855 2565 pro
879 2483 955 2549 ἐπάν
977 2509 1036 2548 non
1058 2491 1157 2548 minus
1180 2490 1268 2548 facile
1292 2484 1362 2549 ὅταν

186 2586 234 2644 vel
267 2579 319 2644 ἐάν
353 2607 442 2663 quam
474 2581 551 2665 ἐπήν
583 2588 772 2647 rescribatur.
823 2589 868 2645 Ex
896 2589 994 2646 tribus
1023 2591 1125 2648 autem
1152 2588 1362 2664 Aristophanis

187 2682 259 2740 locis
292 2683 350 2742 duc
380 2686 411 2743 in
444 2704 565 2745 censum
599 2685 717 2745 omnino
745 2705 804 2745 non
833 2688 969 2760 veniunt,
1002 2704 1069 2744 cum
1097 2687 1127 2744 in
1155 2685 1211 2746 Au.
1241 2688 1304 2747 983
1333 2686 1364 2743 in

186 2783 306 2840 oraculo
342 2785 373 2840 et
404 2784 530 2843 disticho
561 2778 636 2862 ἐπήν
668 2783 800 2860 positum
834 2784 873 2843 611
908 2769 939 2842 ct
969 2783 1080 2842 ibidem
1112 2785 1196 2843 1353
1231 2784 1263 2840 in
1293 2783 1363 2842 ficta

186 2881 285 2952 prisca
305 2881 372 2954 lege
391 2885 426 2940 ut
445 2882 612 2941 obsoletum
633 2881 817 2940 ludibundae
840 2881 1016 2940 imitationis
1040 2900 1130 2939 causa
1152 2880 1290 2941 videatur
1312 2881 1360 2937 ad-

187 2967 295 3053 hiberi,
323 2978 354 3035 in
382 2980 451 3055 Lys.
478 2982 562 3039 1175
591 2981 686 3057 igitur
714 2980 846 3038 dubitari
874 2982 975 3054 potest
1002 2998 1039 3036 an
1064 2978 1192 3038 similem
1215 2980 1305 3052 atque
1328 2976 1359 3033 in

186 3076 242 3132 Av.
268 3076 352 3133 1353
378 3095 497 3136 causam
520 3077 637 3135 habeat.
680 3077 764 3135 Licet
787 3077 882 3152 igitur
904 3071 943 3153 ἤν
967 3077 1104 3135 omnibus
1126 3077 1188 3134 1616
1210 3076 1282 3133 16616
1306 3094 1359 3149 pro

186 3165 239 3229 ἐάν
266 3172 304 3229 ab
331 3173 397 3249 ipso
422 3174 476 3234 Th.
504 3174 535 3231 in
563 3175 658 3250 pactis
688 3174 876 3248 suppositum
900 3175 952 3249 slt,
982 3180 1082 3234 tamen
1111 3194 1179 3232 eum
1206 3166 1281 3250 ἐπήν
1309 3191 1361 3247 pro

186 3263 307 3329 ἐπειδάν
330 3273 434 3330 contra
463 3290 547 3329 suam
576 3271 669 3346 ipsius
698 3270 814 3330 dicendi
845 3273 1090 3331 consuetudinem
1118 3275 1149 3330 et
1176 3291 1362 3330 communem

187 3367 356 3425 Atticorum
388 3387 476 3426 usum
508 3369 539 3426 in
569 3387 604 3427 ea
632 3369 770 3427 intulisse
799 3389 922 3443 prorsus
950 3370 1123 3430 incredibile
1151 3373 1206 3429 est.
1258 3370 1362 3442 Neque

186 3465 283 3540 magis
303 3465 492 3524 librariorum
513 3467 607 3524 errori
627 3468 681 3524 aut
697 3468 963 3541 grammaticorum
977 3472 1165 3528 correcturae
1180 3457 1256 3544 ἐπήν
1269 3465 1361 3524 tribui

186 3565 295 3635 potest,
342 3561 403 3620 Our
431 3565 509 3621 enim
538 3557 659 3622 ἐπειδάν
684 3564 713 3621 16
738 3558 814 3640 ἐπήν
837 3584 983 3641 nusquam
1006 3568 1065 3626 nisi
1087 3567 1119 3623 in
1141 3565 1236 3640 pactis
1261 3569 1291 3622 et
1314 3565 1362 3621 hic

188 3660 324 3718 omnibus
356 3660 429 3719 locis
462 3662 645 3720 mutaverint
676 3681 799 3736 prorsus
831 3682 890 3721 uon
924 3664 1117 3741 intellegitur.
1168 3663 1227 3720 Res
1261 3664 1363 3720 autem

187 3758 228 3815 sic
260 3758 380 3817 videtur
412 3759 554 3835 explicari
586 3777 682 3834 posse.
734 3759 859 3819 Pactum
892 3761 970 3820 inter
1001 3761 1201 3821 Athenienses
1234 3761 1362 3837 Argivos

187 3857 390 3915 Mantinenses
431 3857 520 3916 111666
560 3857 671 3915 factum
715 3858 793 3932 quod
836 3858 864 3914 V
901 3863 942 3919 47
984 3861 1097 3936 legitur
1135 3856 1203 3918 cum
1243 3860 1363 3934 praeter

187 3955 321 4013 Athenas
349 3952 448 4029 Argos
475 3955 659 4015 Mantineam
688 3954 845 4031 Olympiae
873 3958 1049 4016 collocatum
1078 3959 1117 4017 sit
1148 3948 1182 4038 (ξ
1213 3950 1281 4035 11),
1315 3955 1363 4013 hic

186 4053 305 4129 quidem
344 4071 379 4110 ex
416 4054 564 4112 communi
598 4052 699 4112 Ionica
736 4053 864 4113 dialecto
900 4050 977 4132 ἐπήν
1013 4077 1066 4131 pro
1104 4046 1224 4115 ἐπειδάν
1261 4056 1361 4131 potest

186 4151 350 4227 irrepsisse.
404 4151 482 4209 Nam
513 4153 689 4227 priusquam
721 4154 776 4211 hoc
807 4154 912 4212 foedus
946 4152 1102 4230 Olympiae
1135 4155 1361 4229 proponeretur,

186 4250 215 4306 id
236 4250 268 4306 in
287 4268 452 4308 sermonem
472 4249 579 4308 Eleum
599 4270 774 4311 conversum
795 4270 869 4327 esse,
893 4251 970 4326 quod
990 4253 1144 4310 contendit
1162 4251 1361 4311 Kirchhoffius

187 4339 403 4425 (Sitzuugsher.
435 4349 519 4407 1883
550 4369 578 4423 p.
609 4343 701 4428 848),
734 4351 820 4409 nobis
853 4351 972 4426 quidem
1005 4349 1124 4407 videtur
1155 4371 1261 4426 parum
1296 4368 1361 4425 pro-

187 4443 286 4502 babile
324 4462 402 4519 6666,
440 4447 579 4521 quoniam
618 4445 775 4523 Olympiae
812 4449 876 4523 ipso
916 4447 1058 4505 feriarum
1096 4450 1232 4523 tempore
1265 4451 1299 4505 ut
1331 4448 1362 4504 in
