3104 5078
660 331 874 394 „22-

186 503 371 575 spreverunt.
424 496 571 574 Cognovit
599 498 678 555 enim
704 489 759 572 τὴν
786 490 872 554 πόλιν
900 488 953 573 οὐχ
979 488 1135 574 ἡσυχάζειν
1166 483 1228 575 (vel
1258 495 1357 569 potius

184 589 359 677 ἡσυχάσειν)
382 616 417 655 ex
436 615 539 654 eorum
559 614 634 670 quae
654 596 820 669 sequuntur
838 592 1104 668 interpretamento
1123 594 1181 652 huo
1199 593 1358 669 irrepsisse

186 713 280 770 eoque
309 694 406 752 deleto
435 685 496 752 οὔτ’
522 711 575 767 pro
602 684 671 752 οὐδὲ
696 691 883 750 scribendum
907 711 980 750 csse.
1027 692 1085 750 Pro
1109 683 1164 751 οὖν
1187 682 1226 748 δν
1249 682 1357 767 ἡσυχά-

186 810 248 852 σειν
274 796 374 851 autem
402 809 506 850 verum
538 791 683 865 praebent
711 781 766 848 οὐκ
799 781 837 848 dv
868 782 1023 868 ἡσυχάζειν
1051 790 1090 849 M.
1119 789 1233 864 Mosqu.
1261 787 1358 864 Lugd.

186 912 259 951 corr.
283 890 361 965 Aug.
370 882 394 968 ¹)
441 887 553 946 Similis
581 888 664 946 locus
689 890 735 945 est
758 888 784 944 V
810 889 860 961 82,
886 889 904 946 5
929 879 944 947 ὁ
969 883 1001 946 δὲ
1026 886 1119 964 δὴμος
1141 889 1199 946 cciv
1218 879 1359 965 Ἀργείων

186 986 219 1047 ε”ν
246 980 337 1069 τούτῳ
366 978 554 1063 φοβούμενος
581 977 649 1056 τοδς
672 984 930 1062 Λακεδαιμονίους
957 982 1006 1043 καὶ
1031 978 1085 1062 τὴν
1109 987 1165 1043 τών
1185 977 1358 1061 Ἀθηναίων

187 1084 351 1163 ξυμμαχίαν
377 1077 467 1143 πάλιν
494 1075 714 1162 προσαγόμενός
746 1103 775 1142 τε
806 1081 856 1142 καὶ
888 1082 1015 1160 νομίζων
1047 1079 1181 1162 μέγιστον
1212 1074 1251 1140 dv
1278 1084 1358 1158 σφᾶς

190 1176 366 1258 ὠφελήσειν,
398 1180 508 1258 τειχίζει
541 1173 636 1257 μαιιρᾶ
668 1182 744 1258 τείχη
778 1178 807 1252 ές
834 1174 1003 1256 θάλασσαν,
1036 1172 1130 1255 ὅπως,
1162 1172 1201 1256 ἡν
1228 1182 1279 1257 τὴς
1305 1182 1362 1259 γῆς

189 1280 350 1359 εἴργωνται,
374 1273 394 1358 ἡ
416 1273 489 1338 racd
512 1272 667 1338 θάλασσαν
690 1280 768 1355 σφᾶς
789 1271 859 1355 μετδι
876 1273 936 1337 τών
955 1271 1126 1356 Ἀθηναίων
1145 1271 1281 1357 ἐπαγωγή
1300 1280 1361 1336 τῶν

187 1378 358 1456 ἐπιτηδείων
382 1371 488 1458 ὠφελὴ.
536 1377 603 1436 Non
631 1377 728 1436 solum
753 1377 832 1435 male
855 1377 992 1452 iungitur
1014 1370 1235 1456 προσαγόμενός
1257 1398 1286 1435 τε
1310 1374 1361 1435 καὶ

187 1476 328 1553 νομίζων,
359 1495 427 1535 cum
455 1476 554 1551 opinio
583 1494 619 1533 ea
646 1494 736 1535 causa
764 1475 858 1535 socios
886 1475 1070 1535 adsciscendi
1098 1476 1137 1534 sit
1165 1467 1253 1556 (alibi
1281 1475 1361 1533 enim

185 1575 260 1633 talia
283 1578 336 1633 aut
359 1567 527 1644 άσυνδέτως
557 1575 610 1631 aut
633 1574 761 1648 simplici
788 1572 840 1631 καί
865 1573 1083 1651 adiunguntur,
1112 1593 1172 1649 qua
1199 1572 1235 1632 de
1263 1592 1296 1632 re
1324 1575 1361 1632 cf.

186 1674 322 1746 exempla
344 1671 376 1729 in
405 1671 471 1730 adn.
502 1671 537 1728 ad
561 1670 625 1744 11,
651 1675 666 1730 1
693 1663 810 1751 allata),
834 1672 886 1730 sed
910 1672 1001 1730 etiam
1024 1690 1112 1747 quam
1137 1671 1299 1730 utilitatem
1322 1671 1361 1729 ab

186 1769 415 1829 Atheniensium
436 1769 579 1827 societate
598 1768 707 1843 Argivi
726 1771 898 1844 exspectent
921 1770 1089 1829 accuratius
1113 1772 1220 1844 postea
1243 1769 1361 1828 dicitur.

187 1868 262 1926 Cum
289 1867 383 1942 igitur
411 1886 470 1925 non
498 1866 616 1925 credam
645 1867 689 1925 ita
716 1867 859 1926 verbam
883 1863 932 1925 καὶ
956 1913 961 1925 ,
986 1910 993 1925 .
1023 1859 1186 1944 ὠφελήσειν
1210 1866 1362 1926 emendari

186 1986 274 2042 posse
302 1966 337 2023 ut
363 1964 400 2023 iis
429 1965 474 2023 vis
503 1965 596 2023 totius
626 1965 792 2024 sententiae
823 1968 984 2041 augeatur,
1013 1964 1140 2024 delenda
1166 1965 1266 2040 potius
1295 1983 1360 2022 esse

187 2062 333 2123 existimo.
371 2060 458 2119 Talia
482 2061 600 2136 saepius
624 2063 777 2137 scriptoris
802 2065 901 2123 verbis
925 2065 1039 2122 inserta
1063 2082 1128 2122 esse
1152 2083 1187 2122 er
1210 2063 1246 2121 iis
1266 2063 1361 2138 euspi-

189 2162 249 2222 cari
273 2161 343 2219 licet
367 2177 443 2234 quae
466 2159 498 2218 in
521 2159 641 2233 optimis
665 2161 750 2220 libris
773 2162 789 2220 Ι
809 2165 860 2236 39,
884 2165 911 2222 3.
943 2164 1062 2237 113,1,
1091 2161 1122 2218 ΙΙ
1143 2163 1193 2235 78,
1214 2164 1241 2220 1.
1271 2164 1360 2235 91,3

187 2260 375 2318 omittuntur.
422 2257 466 2315 Ac
494 2257 627 2332 profecto
657 2259 755 2319 deleto
783 2260 865 2335 turpi
889 2260 1091 2318 additamento
1114 2259 1189 2317 nihil
1213 2262 1259 2318 est
1283 2260 1362 2334 quod

188 2360 226 2417 ad
258 2356 436 2417 sententiam
469 2356 588 2430 plenam
622 2375 656 2415 ac
687 2358 874 2433 perspicuam
905 2359 1064 2419 desideres.
1115 2359 1215 2417 Unum
1243 2359 1362 2415 tantum

188 2457 315 2534 optativi
339 2475 405 2515 cum
429 2447 468 2512 ίίν
491 2454 641 2513 coniuncti
661 2458 829 2532 exemplum
848 2459 895 2515 est
913 2455 941 2512 V
961 2457 1016 2514 94:
1042 2445 1114 2514 ὠστε
1132 2448 1258 2535 ἡσυχίαν
1276 2449 1362 2534 δίγον-

188 2582 239 2629 τας
261 2550 340 2636 ἡμᾶς
364 2555 470 2632 φίλους
493 2547 546 2628 μέν
569 2545 644 2611 εἶναι
667 2546 732 2613 dcci
754 2553 914 2631 πολεμίων,
940 2544 1109 2632 ξυμμάχους
1133 2551 1166 2614 δὲ
1189 2550 1362 2631 μηδετέρων,

189 2649 243 2716 οὐκ
276 2648 316 2714 δν
349 2649 491 2724 δέξαισθε.
539 2649 597 2709 Sed
630 2652 735 2726 optimi
764 2653 834 2711 libri
861 2645 916 2712 οὐκ
944 2644 983 2711 δν
1012 2648 1147 2723 δέξαισθε
1176 2654 1300 2725 habent,
1333 2655 1364 2710 et

189 2755 290 2813 eadem
328 2767 452 2828 prorsus
491 2750 639 2808 sententia
675 2751 787 2827 legitur
824 2742 922 2821 οὐδεὶς
958 2741 996 2808 δν
1033 2745 1150 2820 δέξαιτο·
1179 2750 1194 2808 I
1228 2751 1300 2826 143,
1335 2753 1362 2808 2.

190 2851 301 2920 Quodsi
329 2848 497 2924 optativum
525 2847 619 2908 futuri
650 2867 716 2910 cum
748 2843 787 2908 άν
816 2849 983 2924 Thucydidi
1015 2848 1203 2923 displicuisse
1235 2850 1360 2920 constat,

189 2949 296 3006 mirum
322 2948 374 3024 sit,
403 2946 427 3004 si
453 2944 600 3004 infinitivo
624 2950 654 3004 et
677 2946 834 3023 participio
857 2947 889 3004 id
912 2947 1020 3006 addere
1044 2946 1181 3006 voluerit.
1219 2946 1364 3005 Infinitivi

189 3051 291 3105 autem
309 3045 405 3104 futuri
424 3063 491 3102 cum
509 3036 548 3101 ίίν
567 3043 715 3103 coniuncti
734 3048 853 3119 praeter
877 3063 911 3103 ea
935 3064 1010 3120 quae
1034 3046 1094 3103 iam
1118 3045 1280 3106 memoravi
1303 3045 1363 3103 duo

191 3145 282 3202 etiam
305 3143 440 3217 exempla
463 3143 580 3199 restant
603 3142 691 3202 valde
715 3142 836 3200 similia:
865 3142 896 3201 ΙΙ
920 3145 971 3219 80,
996 3145 1014 3201 8
1039 3142 1219 3220 νομίζοντες,
1248 3142 1274 3201 εί
1297 3136 1364 3201 ruri-

190 3264 244 3318 την
266 3235 392 3319 πρώτην,
409 3233 544 3318 λάβοιεν,
572 3237 681 3319 ῥηιδίως
709 3231 748 3298 dv
776 3239 859 3316 σφίσι
881 3229 969 3299 τᾶλλα
991 3234 1211 3318 προσχωρήσειν
1236 3243 1265 3298 et
1290 3239 1364 3296 VIII

192 3342 242 3414 25,
268 3341 286 3398 5
316 3338 495 3417 νομίζοντες,
524 3336 550 3396 εἰ
576 3331 808 3418 προσαγάγοιντο
832 3338 983 3415 Μίλητον,
1013 3336 1123 3419 ῥαδίως
1148 3329 1187 3395 dv
1210 3336 1292 3412 σφίσι
1315 3332 1364 3394 καὶ

83 3515 92 3525 „
190 3425 278 3495 τᾶλλα
300 3428 528 3514 προσχωρήσειν.
567 3432 642 3503 Quid
667 3437 757 3494 scribi
780 3437 913 3511 potuerit
937 3436 1098 3497 ostendunt
1116 3435 1163 3493 III
1184 3436 1273 3508 94,5
1298 3428 1363 3494 cori-

191 3557 249 3593 των
267 3527 322 3613 γάρ
341 3529 518 3610 ληφθέντων
537 3527 570 3611 (i.
590 3553 614 3593 e.
634 3533 660 3592 εί
681 3536 771 3592 ταῦτα
795 3527 939 3615 ληφθείη)
963 3533 1072 3615 ῥαδίως
1095 3530 1145 3591 καί
1167 3521 1255 3592 τᾶλλα
1277 3550 1365 3610 προσ-

191 3624 334 3709 χωρήσειν
362 3634 392 3689 et
415 3631 458 3687 IV
484 3632 534 3704 69,
560 3634 575 3689 1
608 3630 789 3707 νομίζοντες,
818 3630 844 3690 εί
870 3628 941 3709 πρίν
970 3629 1171 3710 ε’τιιβοηθὴσαί
1196 3653 1278 3702 τινας
1306 3627 1363 3701 ε’ξέ·
1464 3666 1467 3673 ·

191 3733 280 3804 λοιεν,
303 3729 419 3787 θᾶσσον
442 3719 481 3785 δν
504 3723 553 3785 καί
576 3716 611 3785 cd
635 3723 763 3806 Μέγαρα
786 3731 999 3808 προσχωρῆσαι.
1046 3728 1161 3787 Aeristi
1184 3727 1365 3789 infinitivum

192 3826 352 3900 utrobique
366 3825 553 3883 inferendum
568 3843 633 3885 esse
648 3826 755 3902 iudice,
774 3848 863 3902 quem
877 3828 974 3903 ipsum
992 3846 1068 3886 unus
1083 3827 1173 3886 codex
1188 3827 1262 3885 VIII
1278 3830 1328 3903 25,
1344 3830 1362 3885 5

193 3925 332 3982 servavit.
376 3924 521 3998 Exempla
544 3924 693 3999 participii
716 3944 783 3983 cum
807 3918 845 3983 άν
867 3925 911 3983 ita
934 3923 1045 3983 tradita
1069 3927 1139 3982 sunt
1162 3926 1196 3982 ut
1219 3943 1276 3982 uno
1299 3925 1364 3982 loeo

194 4021 237 4077 VI
263 4023 313 4097 20,
339 4023 357 4079 2
382 4015 442 4080 οὔτ’
469 4013 507 4079 div
530 4015 584 4098 τὴν
606 4015 701 4101 άρχὴν
724 4016 779 4101 τὴν
801 4016 942 4101 ἡμετέραν
966 4017 1083 4093 εἰκότως
1106 4012 1171 4080 ἄντ’
1195 4019 1365 4099 ἐλευθερίας

194 4113 428 4194 προσδεξομένας
455 4119 576 4192 plurimi
604 4119 684 4195 iique
712 4121 817 4196 optimi
843 4121 926 4195 libri,
953 4121 1048 4178 altero
1072 4120 1099 4176 V
1126 4122 1175 4195 15,
1200 4123 1218 4178 2
1247 4113 1365 4199 γνόντες

196 4218 251 4273 νῦν
275 4217 385 4292 μᾶλλον
408 4207 447 4274 δν
470 4212 679 4295 ἕνδεξομένους
703 4238 779 4277 unus
804 4213 894 4277 codex
918 4221 948 4276 et
971 4217 1075 4277 Thom.
1096 4219 1173 4293 Mag.
1194 4238 1222 4292 p.
1244 4220 1316 4293 116,
1336 4219 1365 4291 5,

268 4426 292 4490 1)
312 4422 427 4477 Codices
446 4422 546 4476 iisdem
565 4424 639 4478 notis
658 4422 758 4491 quibus
776 4424 806 4479 in
826 4422 948 4479 editione
967 4423 1092 4493 Poppon.
1112 4423 1274 4494 significavi.
