3104 5078
672 362 881 440 457„

276 546 320 604 De
344 545 447 604 formis
472 542 670 618 comparativi
692 541 801 601 πλείων
824 543 897 602 haec
917 541 996 601 Guil.
1016 542 1188 601 Dindorfius
1208 541 1240 600 in
1258 539 1359 617 Steph.

188 646 275 705 Thes.
299 642 467 703 adnotavit:
497 635 614 700 ‘Attici
629 641 687 701 etsi
710 641 884 716 saepissime
908 637 997 700 πλέον
1020 659 1074 716 pro
1097 643 1199 707 πλεῖον
1223 639 1362 698 dixerunt

185 762 239 802 nec
271 760 339 801 raro
376 738 510 800 vocalem
547 740 711 815 simplicem
748 739 780 798 in
816 740 934 799 casibus
971 739 1157 797 admiserunt
1192 738 1360 814 trisyllabis

185 836 309 910 πλέονος
336 834 452 912 πλέονι,
479 838 511 896 in
538 837 721 896 nominativo
749 840 851 899 tamen
873 837 983 897 πλείων
1011 839 1042 896 et
1069 837 1171 895 formis
1200 836 1360 896 contractis

185 939 275 999 πλείω
295 941 325 997 et
347 935 467 1008 πλείους
490 937 711 1012 diphthongum
734 937 958 1012 praetulerunt3
983 935 1062 1012 quod
1085 937 1165 994 recte
1189 935 1361 996 observanti

186 1037 318 1112 Reisigio
337 1026 373 1094 iri
387 1033 635 1094 Geni-inArist.
657 1055 685 1110 p.
705 1036 747 1094 43
772 1054 832 1093 non
855 1034 985 1093 debebat
1007 1051 1176 1108 repugnare
1200 1033 1360 1092 Elmsleius

187 1135 225 1194 ad
248 1135 319 1193 Eur.
338 1132 415 1192 Med.
435 1135 486 1192 88.
523 1131 609 1190 Nem·
626 1133 704 1208 quod
728 1132 837 1208 tragici
859 1131 1010 1191 interdum
1034 1127 1131 1190 πλέων
1155 1126 1231 1189 πλέω
1255 1127 1361 1202 πλέους

186 1230 297 1291 dixisse
320 1232 410 1306 vulgo
434 1229 598 1290 creduntur
620 1232 731 1307 partim
755 1231 926 1291 criticorum
950 1230 1058 1289 nititur
1085 1229 1250 1304 erroribus,
1278 1229 1362 1288 velut

189 1330 322 1404 Stanleii‚
347 1328 398 1406 qui
420 1324 517 1387 πλέων
540 1328 619 1386 male
642 1328 746 1386 intulit
768 1329 870 1387 versui
894 1331 1031 1403 corrupto
1055 1327 1161 1386 Aesch.
1187 1326 1244 1403 Ag.
1258 1329 1361 1402 1299,

185 1430 297 1505 partim
320 1427 429 1487 vitiosa
453 1426 601 1500 scriptura
623 1425 779 1495 librorum,
802 1430 838 1485 ut
860 1427 971 1487 ibidem
996 1427 1068 1484 868.
1095 1427 1190 1501 1068,
1212 1425 1265 1484 ubi
1278 1421 1360 1506 Ιπλέω

186 1545 287 1587 errore
315 1525 466 1597 sollemni,
496 1524 532 1583 de
562 1543 619 1599 quo
642 1524 744 1599 paullo
768 1527 837 1600 post
860 1525 987 1601 dicetur,
1017 1542 1071 1599 pro
1094 1519 1184 1582 πλέον
1207 1524 1360 1598 seriptum.

185 1627 254 1683 Non
286 1623 410 1683 maioris
444 1625 490 1681 est
521 1622 665 1681 momenti
698 1621 788 1697 Soph.
815 1623 920 1682 Traoh.
949 1624 1012 1681 944
1040 1613 1060 1698 ἢ
1089 1617 1139 1680 καὶ
1170 1620 1289 1693 πλείους
1319 1643 1361 1693 τις

185 1718 294 1801 ἡμέρας
310 1721 458 1801 λογίζεται,
478 1721 530 1779 ubi
550 1719 671 1796 quidam
685 1720 860 1796 interpolati
878 1717 993 1792 πλέους.
1028 1719 1086 1778 Sed
1104 1737 1177 1779 vere
1196 1738 1285 1795 quam
1305 1738 1361 1796 ego

185 1823 306 1882 restitui
317 1820 464 1896 scriptura
479 1822 525 1877 est
539 1810 558 1896 ἢ
573 1818 625 1877 καί
636 1841 662 1877 τι
676 1817 795 1889 πλείους
808 1811 918 1896 ἡμέρας
932 1812 1092 1897 λογίζεταί.
1112 1817 1194 1877 Haec
1209 1818 1362 1877 sufficiunt

186 1922 224 1978 ad
243 1919 407 1979 reiciendas
431 1917 541 1976 formas
565 1913 663 1976 πλέων
681 1913 758 1975 πλέω
777 1913 894 1994 πλέους,
917 1936 993 1992 quae
1012 1937 1049 1976 ne
1067 1917 1098 1975 in
1118 1917 1360 1993 inscriptionibus

187 2017 308 2092 quidem
330 2016 532 2076 inveniuntur.
580 2015 620 2073 At
644 2014 815 2073 dubitatum
838 2034 956 2091 quoque
980 2018 1027 2074 est
1049 2035 1121 2073 num
1144 2018 1246 2074 rutatos
1267 2014 1361 2074 Attici

187 2116 342 2175 dixissent.
380 2114 438 2173 Sed
460 2133 498 2172 ne
521 2113 715 2188 Aristophani
739 2113 860 2188 quidem
883 2113 1113 2172 abiudicandum
1137 2115 1190 2171 est.
1228 2111 1306 2170 Nam
1330 2113 1361 2171 in

187 2214 265 2272 Nub.
290 2214 410 2289 quidem
435 2215 518 2272 1295
543 2211 628 2271 nulla
650 2212 741 2271 metri
763 2212 942 2270 necessitate
965 2209 1089 2286 legitur,
1116 2209 1169 2269 sed
1192 2212 1288 2269 metro
1312 2209 1361 2268 de·

186 2312 319 2370 fenditur
347 2311 379 2369 in
402 2311 479 2370 Eccl.
506 2313 591 2370 1132
622 2304 699 2381 ὅστις
726 2312 853 2369 πολιτῶν
880 2301 1027 2386 πλεῖονῆ
1053 2307 1244 2388 τρισμυρίων,
1270 2329 1361 2385 quem

185 2429 306 2470 uersum
338 2429 376 2468 ne
408 2409 474 2467 ideo
508 2411 683 2483 corruptum
715 2427 782 2468 esse
814 2406 944 2483 opineris
973 2407 1052 2482 quod
1080 2407 1243 2466 secundum
1270 2407 1360 2467 Moer.

185 2511 268 2567 πλεῖν
291 2499 310 2585 ἢ
335 2501 433 2585 μάριοι
453 2500 584 2580 Ἀττικοί,
607 2502 728 2578 πλέονες
749 2499 769 2583 ἢ
799 2499 898 2584 μάριοι
918 2499 1061 2583 Ἕλληνες
1090 2507 1120 2565 et
1144 2503 1249 2564 Cobeti
1276 2526 1359 2582 prae-

187 2606 307 2680 ceptum
336 2603 505 2664 Atticorum
535 2605 749 2664 consuetudine
776 2606 861 2663 πλεῖν
888 2596 907 2682 ἢ
941 2605 1125 2680 postuletur,
1159 2603 1195 2661 cf.
1223 2599 1360 2682 πλέονῆ

188 2702 469 2779 0141135212,
494 2721 551 2777 quo
576 2703 666 2761 simul
690 2702 818 2761 efficitur
840 2722 877 2761 ne
901 2703 981 2778 apud
1000 2701 1055 2760 Th.
1079 2701 1198 2776 quidem
1219 2700 1267 2759 ΙΙΙ
1288 2705 1360 2778 113,

187 2803 206 2861 3
230 2796 321 2859 πλέον
343 2793 363 2876 ἥ
387 2798 417 2857 in
440 2801 525 2858 πλεῖν
544 2792 761 2876 ἤ111111ε111611111
780 2818 853 2859 esse.
891 2801 987 2859 Metro
1010 2799 1083 2858 item
1106 2799 1180 2857 illud
1203 2799 1360 2876 flagitatur

185 2900 215 2957 in
240 2899 366 2958 Philam.
389 2897 496 2973 fragm.
522 2899 594 2972 106,
618 2899 636 2957 5
662 2897 754 2956 Koch.
783 2898 920 2957 Menand.
944 2899 1051 2973 fragm.
1076 2898 1150 2972 519,
1176 2900 1203 2960 6.
1233 2901 1307 2977 531,
1331 2902 1361 2960 5.

187 3000 260 3072 563,
294 2999 312 3055 3
346 2995 436 3053 Mein.
491 2994 580 3070 Apud
612 2996 742 3071 tragicos
774 3000 877 3056 πλεῖον
908 2997 1027 3073 saepius
1064 2996 1209 3055 traditum
1247 3001 1294 3056 est
1329 3002 1373 3075 et,

186 3097 329 3171 quattuor
352 3093 545 3154 inveniuntur
567 3096 713 3169 quantum
737 3094 797 3154 scio
820 3095 878 3154 loci
906 3087 979 3176 (non
1006 3113 1129 3154 numero
1157 3098 1259 3155 πλεῖον
1281 3098 1357 3174 quod

186 3195 217 3251 in
236 3192 350 3252 cantico
369 3191 484 3267 legitur
503 3190 611 3252 Ae'sch.
629 3192 712 3254 Pers.
733 3189 833 3274 1032)
854 3194 906 3252 ubi
928 3196 1059 3253 metrum
1083 3194 1110 3251 ei
1133 3194 1282 3268 praesidio
1307 3195 1359 3254 sit:
1454 3272 1457 3276 Δ

187 3290 293 3351 Aesch.
321 3290 403 3350 Pers,
433 3292 494 3348 791
525 3283 600 3367 μηδ’
628 3289 654 3348 εἰ
681 3285 841 3370 στράτευμα
867 3295 969 3351 πλεῖον
996 3280 1016 3373 ᾖ
1042 3285 1074 3351 τὸ
1102 3285 1260 3369 Μηδικόν,
1288 3293 1358 3351 Eur.

185 3388 276 3463 Hipp.
297 3389 357 3446 641
379 3385 424 3463 εἴη
444 3388 597 3463 φρονοῦσα
616 3391 717 3447 πλεῖον
739 3380 758 3466 ἢ
782 3395 909 3469 γυναῖκα
927 3385 993 3469 χρή,
1016 3391 1124 3451 Troad.
1144 3393 1207 3450 644
1231 3393 1360 3468 λαχοῦσα

185 3491 287 3547 πλεῖον
309 3487 361 3562 τῆς
383 3479 471 3562 τύχης
497 3477 681 3563 ἡμάρτανον,
711 3487 821 3547 Phoen.
847 3492 909 3549 603
933 3490 1001 3548 ΠΟ.
1024 3490 1077 3548 τοῦ
1099 3485 1208 3566 μέρους
1230 3485 1306 3567 έχων
1327 3481 1359 3549 τὸ

185 3589 300 3656 πλεῖον;
320 3587 384 3642 ΕΤ.
404 3575 491 3660 φήμ’.
515 3576 704 3644 ἀπαλλάσσου
724 3581 756 3644 δέ
774 3589 839 3666 γῆς,
858 3606 985 3662 quorum
1003 3605 1145 3646 versuum
1164 3589 1226 3646 tres
1245 3587 1359 3662 priores

186 3683 363 3742 coniecturis
386 3684 537 3756 temptare
560 3681 732 3743 Dindorfius
754 3696 820 3743 non·
838 3684 974 3745 debebat.
1012 3682 1087 3743 (ium
1110 3684 1188 3744 enim
1214 3679 1246 3744 in
1269 3704 1358 3746 versu

186 3779 355 3855 Aeschyleo
382 3781 503 3854 praeter
530 3782 631 3839 πλεῖον
657 3781 732 3840 nihil
760 3784 800 3841 sit
827 3783 859 3842 in
887 3803 944 3860 quo
980 3783 1126 3859 offendas,
1158 3782 1210 3841 ille
1235 3775 1308 3861 ’μηδ’
1335 3783 1361 3843 εἰ

185 3870 337 3958 στράτευμ’
358 3875 403 3954 εἴη
422 3872 511 3936 πλέον
528 3869 560 3936 τὸ
579 3872 732 3955 Μηδικόν,
755 3900 876 3940 versum
894 3881 990 3940 doctis
1010 3881 1132 3940 auribus
1151 3880 1273 3942 minime
1291 3901 1358 3958 gra-

185 3983 264 4054 tum,
291 3977 339 4036 vel
368 3975 460 4035 etiam
487 3975 648 4035 uiolentius
678 3968 812 4054 πληθύον
844 3999 897 4054 pro
929 3982 1031 4038 πλεῖον
1063 3967 1082 4061 ᾗ
1108 3979 1272 4056 proposuit.
1323 3980 1359 4038 In

185 4076 281 4151 primo
310 4073 461 4151 Euripidis
494 4093 586 4134 versu
614 4068 724 4133 πλείον’
756 4077 804 4135 vel
837 4077 935 4155 μεῖζον
967 4096 1002 4136 ex
1030 4077 1226 4138 similitudine
1255 4096 1358 4137 versus

186 4172 304 4233 Heracl.
328 4175 390 4233 979
415 4169 465 4232 καὶ
487 4165 542 4250 τὴν
565 4175 737 4251 φρονοῦσαν
761 4174 859 4253 μεῖζον
876 4168 896 4254 ἢ
915 4181 1042 4256 γυναῖκα
1060 4170 1116 4255 χρή
1133 4177 1236 4252 legere
1254 4175 1359 4236 voluit.

187 4270 246 4328 Sed
268 4269 357 4347 longe
380 4271 462 4330 aliud
483 4274 530 4331 est
547 4268 638 4331 πλέον
656 4277 788 4353 φρονεῖν,
811 4275 1035 4350 prudentiorem
1054 4292 1128 4350 esse,
1152 4292 1241 4348 quam
1261 4274 1359 4350 μεῖζον

187 4372 326 4445 φρονεῖν,
353 4369 530 4428 insolentius
559 4389 591 4429 se
617 4370 730 4430 efferre.
779 4371 821 4430 Of.
846 4373 936 4450 Soph.
960 4373 1037 4431 Phil.
1062 4374 1135 4431 818.
1167 4371 1244 4430 Plat.
1268 4371 1359 4448 Hipp.

187 4467 257 4527 min.
285 4469 384 4528 371a
415 4470 445 4525 et
477 4466 555 4528 Plat.
586 4468 708 4529 Theaet
739 4471 844 4531 14911.
894 4470 997 4530 Priore
1030 4468 1180 4530 sententia
1210 4489 1358 4547 nusquam
