3104 5078
667 327 885 389 ..60-

189 493 341 552 Meisterh.
370 490 390 566 §
414 494 467 568 40,
491 485 534 571 5).
581 492 617 550 In
644 491 730 550 libris
759 490 958 567 Thucydideis
987 491 1093 551 relicta
1119 494 1190 550 sunt
1216 492 1232 550 I
1261 494 1314 567 58,
1347 496 1364 552 1

188 585 314 669 piipcvro
339 583 422 665 (Vat.
447 583 580 668 etalii),
608 589 638 647 H
664 591 713 665 18,
739 591 757 648 3
785 581 990 666 ηὐτρεπίζοντο
1018 583 1135 668 (omnes
1162 590 1225 648 fere
1254 583 1368 672 cedd.),

188 688 232 747 IV
258 691 307 758 79,
332 691 350 747 2
380 681 499 766 ηὐτύχει
526 678 656 767 (Musqu.
684 690 714 746 et
742 686 800 746 duo
828 677 951 766 Paua),
980 686 1007 742 V
1030 689 1082 762 42,
1110 690 1125 744 1
1155 674 1250 765 ηὗρον
1278 682 1367 769 (Vat.

188 787 266 863 Aug.
295 786 357 846 Pal.
374 786 424 859 M.
457 778 562 865 Cass),
594 785 668 843 VIII
701 787 752 857 24,
784 786 804 842 4
836 777 1062 862 ηὖδαιμόνησαν
1095 777 1193 866 (vat).
1241 785 1367 864 Ubique

189 884 408 942 restituendum
432 887 486 942 est.
533 883 636 942 Simile
659 887 706 942 est
728 877 852 963 ήκαζον,
882 885 960 959 qued
984 883 1014 942 II
1039 884 1089 957 54,
1114 884 1132 942 5
1158 885 1239 944 selus
1262 885 1368 963 Laur,

189 981 232 1039 VI
257 985 306 1056 92,
330 984 348 1041 5
378 982 446 1042 Vat.
471 981 547 1058 Aug.
572 981 636 1040 Pal.
664 999 731 1040 cum
745 966 856 1042 ‘tribus
885 981 1083 1042 deterioribus
1105 983 1217 1042 habeut
1239 976 1368 1063 (reliqui

188 1072 330 1161 εἴκαζον),
363 1081 400 1139 de
433 1100 491 1156 quo
524 1079 561 1140 ci.
592 1079 701 1138 Herod.
734 1077 765 1136 Π
794 1081 868 1156 326,
892 1081 920 1139 5.
953 1081 1028 1157 486,
1057 1083 1107 1141 12.
1140 1081 1233 1142 Moer.
1263 1075 1367 1165 ήκασα

184 1172 319 1254 Ἁιιικοί,
347 1177 449 1238 εἴκασα
471 1171 623 1255 Ἕλληνες.
670 1177 775 1253 Neque
803 1178 901 1237 minus
927 1179 959 1237 in
980 1178 1079 1237 titulis
1103 1178 1213 1238 Atticis
1236 1179 1367 1239 verbum

187 1269 355 1335 ἀναλίσκειν
378 1277 489 1353 ubique
513 1278 707 1354 augmentum
726 1276 819 1336 habet
837 1269 888 1357 (cf,
908 1276 1060 1336 Meisterh.
1080 1274 1100 1352 ξ
1120 1279 1172 1351 40,
1193 1269 1236 1358 6).
1270 1277 1367 1354 Apud

189 1377 242 1434 Th.
266 1395 356 1436 verae
378 1376 492 1460 formae
517 1377 653 1435 servatae
677 1364 1007 1450 suntha011113,3
1031 1367 1217 1453 ἆπανηλαίθη
1241 1366 1366 1456 (omnes

188 1467 299 1554 code),
330 1473 376 1532 ΙΠ
405 1478 456 1548 81,
486 1476 504 1534 3
538 1466 684 1551 ἆνηλοῦιο
716 1469 832 1554 (omnes
865 1473 947 1534 codd.
980 1476 1101 1550 praeter
1120 1466 1300 1556 *c'ccppccivco
1332 1476 1366 1535 in

189 1565 327 1654 Musqu.),
350 1572 411 1630 VII
431 1574 481 1647 48,
501 1576 519 1632 5
540 1565 724 1650 ἀνηλωκέναι
743 1563 794 1653 (ex
813 1571 1010 1632 deterioribus
1030 1571 1153 1648 aliquot,
1176 1575 1211 1632 ut
1229 1572 1366 1654 ludetur,

189 1665 292 1751 vulg).
326 1669 479 1746 Insignem
493 1671 693 1732 constantiam
707 1670 789 1731 codd.
804 1671 835 1728 in
850 1672 1010 1746 augmento
1025 1670 1184 1729 verborum
1200 1664 1366 1750 δύνασθαι,

187 1762 358 1846 βούλεσθαι,
376 1764 488 1846 μέλλειν
498 1769 667 1832 ostendunt.
686 1763 794 1848 Nemi}
805 1769 1102 1846 augmentiinverbo
1113 1765 1225 1847 μέλλειν
1234 1760 1365 1844 nullum,
1423 1832 1426 1839 ,

188 1870 332 1944 quantum
356 1868 425 1944 scio,
449 1869 618 1943 exemplum
640 1887 659 1926 a
681 1863 821 1928 Bekkero
845 1887 882 1927 ex
904 1866 1049 1927 librorum
1073 1868 1252 1927 auctorItate
1275 1869 1364 1929 relie-

188 1973 252 2026 tum
271 1969 327 2042 est,
345 1966 430 2026 verbi
449 1960 593 2044 βούλομαι
612 1986 705 2026 unum
723 1959 888 2044 ἠβούλοντο
907 1964 951 2023 VI
973 1968 1021 2040 79,
1042 1969 1071 2039 3,
1094 1966 1146 2025 ubi
1164 1968 1265 2024 tamen
1284 1966 1363 2028 Van.

188 2057 345 2143 ε’βοιίλονιο
370 2064 512 2144 servavit,
534 2065 565 2122 in
585 2058 735 2124 δύνασθαι
752 2064 942 2141 pauclssimis
960 2083 1014 2140 pro
1033 2064 1217 2140 reliquorum
1235 2084 1364 2124 numero
1479 2089 1482 2097 ¹

188 2163 260 2222 locis
284 2163 321 2221 ab
347 2181 385 2237 ec¹
405 2165 556 2222 retentum
580 2167 634 2223 est
673 2162 731 2224 Sed
749 2164 765 2221 I
785 2165 813 2241 3,
834 2166 852 2221 2
873 2163 945 2221 Van.
965 2155 1089 2221 ἐδύνατο
1108 2161 1200 2221 habet
1222 2163 1377 2223 eandem-'

187 2279 245 2336 que
271 2260 399 2318 formam
423 2260 481 2318 14
510 2260 588 2320 idam
619 2263 650 2320 et
674 2259 766 2335 Clau,
793 2261 837 2319 IV
864 2263 935 2335 129,
959 2262 979 2319 4
1007 2259 1086 2319 idem
1109 2259 1184 2319 Ven.
1207 2254 1363 2339 ἕδννήθη;

188 2378 245 2417 uuo
274 2358 353 2434 qued
381 2357 472 2418 sciam
499 2359 564 2418 loco
592 2358 635 2417 IV
665 2361 716 2434 33,
744 2363 762 2418 2
796 2359 866 2418 libri
893 2359 925 2416 in
951 2351 1151 2436 ἠδυνήθησαν
1178 2358 1362 2435 conspirant.

187 2457 223 2514 In
241 2455 339 2516 titulis
358 2457 467 2516 Attius
487 2457 697 2533 antiquissima
715 2457 805 2516 huius
825 2457 979 2534 augmenti
1001 2457 1135 2532 exempla
1158 2455 1242 2515 tertii
1259 2476 1284 2515 a.
1306 2456 1360 2518 Oh.

188 2555 301 2614 saecun
324 2556 406 2614 sunt:
434 2548 598 2633 η’βούιοιιο
623 2554 745 2615 01411
770 2558 843 2630 314,
868 2556 919 2633 νε,
946 2547 1077 2632 λούοιτο
1104 2541 1175 2613 isia.
1205 2557 1278 2630 323,
1304 2559 1361 2634 ιε,

186 2650 299 2729 μέλλειν
325 2654 411 2714 verbi
437 2655 554 2713 nullum
586 2655 742 2714 Inventum
774 2656 821 2714 est
854 2646 987 2734 (ἔμελλον
1014 2652 1082 2713 οΙΔ
1109 2652 1140 2711 ΙΙ
1169 2654 1264 2713 834ο
1292 2647 1360 2733 28).

187 2735 264 2812 itare
292 2752 324 2811 in
355 2752 402 2811 his
430 2755 537 2829 poetae
565 2753 692 2813 scaenici
718 2753 853 2829 neglecto
882 2750 1030 2811 communi
1056 2750 1227 2809 Atticorum
1253 2770 1310 2810 usu
1338 2746 1360 2831 ἠ

186 2853 382 2926 augmentum
406 2850 577 2912 admittunt.
624 2849 769 2927 Exempla
791 2851 883 2911 habes
908 2850 1013 2909 Aesch.
1037 2849 1136 2909 Prom.
1161 2851 1233 2909 206.
1265 2850 1358 2912 Arist.
1385 2925 1388 2929 η

186 2948 259 3007 nan.
286 2950 380 3008 1033.
406 2949 484 3008 σαι.
505 2951 578 3009 597.
616 2931 771 3024 Sophoclis
795 2952 824 3008 α
847 2948 1000 3024 Euripidis
1024 2947 1102 3025 quoa
1125 2948 1245 3025 quidem
1268 2949 1360 3008 mesa

185 3047 347 3106 necessitas
379 3051 501 3107 tueatur
532 3047 649 3105 nullum
683 3046 763 3108 novi.
818 3047 945 3122 Propter
980 3049 1167 3106 constantem
1203 3047 1359 3122 augmenti

188 3163 274 3202 usum
301 3163 390 3220 quem
416 3145 583 3205 in=ceteris
611 3145 759 3205 ceruimus
786 3145 897 3220 ubique
926 3143 1016 3204 etiam
1039 3138 1122 3223 ἠφίει
1144 3144 1263 3204 videtur
1286 3147 1356 3204 scri·

187 3243 316 3302 bendum
344 3262 416 3304 esse.
463 3243 541 3303 Nam
568 3243 600 3302 II
623 3246 674 3318 49,
699 3245 717 3301 2
746 3242 778 3300 id
805 3260 907 3303 omnes
935 3243 1081 3319 praebent
1104 3243 1186 3316 libri,
1215 3241 1259 3300 IV
1284 3246 1356 3317 122,

188 3345 205 3399 3
221 3341 265 3415 Ε,
293 3341 368 3401 VIII
392 3346 444 3421 41,
469 3346 486 3401 2
511 3342 730 3402 restituendum
759 3344 813 3401 est.
859 3341 972 3402 Contra
998 3334 1125 3417 ἠφίεσαν
1149 3340 1261 3417 ubique
1285 3360 1356 3416 aug-

186 3443 285 3499 mento
314 3444 404 3501 caret.
451 3440 496 3500 Of.
518 3441 591 3502 Eur.
614 3439 732 3500 Heracl.
757 3441 830 3499 821.
862 3439 893 3498 ΙΙ
919 3442 968 3512 62,
994 3443 1025 3498 3
1041 3435 1259 3517 προκεκτημένα
1287 3440 1357 3500 scri-

186 3537 316 3596 bendum
344 3539 391 3595 est
418 3529 650 3618 (προσεκτημὲνα
678 3537 761 3597 codd.
789 3532 953 3617 plerique),
985 3556 1046 3596 non
1071 3533 1271 3615 προεκτημίνα
1300 3529 1357 3619 (sic

186 3634 236 3694 Gr.
261 3639 292 3695 et
315 3628 447 3712 Zoraa),
471 3653 539 3693 cum
562 3636 634 3694 alibi
657 3635 711 3693 Th.
736 3636 910 3712 saepissime
933 3631 1080 3712 κέκτημαι,
1102 3654 1253 3712 nunquam
1276 3632 1356 3714 ἕκτη-

185 3757 237 3810 μαι
261 3733 376 3794 dixerit.
415 3732 459 3793 Of.
483 3728 617 3793 Schanzii
640 3734 730 3794 Proll.
755 3735 793 3793 ad
816 3735 894 3793 Plat.
917 3732 976 3791 XII
999 3753 1026 3808 p.
1049 3732 1159 3791 XVIII.
1196 3734 1356 3794 Manifesta

186 3832 260 3892 vitio
284 3833 427 3892 omissum
451 3835 497 3893 est
520 3837 713 3910 augmentum
737 3833 769 3892 in
787 3829 1003 3911 ἓλληνίσθησαν
1025 3831 1056 3890 II
1082 3833 1131 3910 68,
1153 3833 1181 3892 5.
1219 3832 1262 3892 cf.
1282 3833 1356 3894 Lob.

186 3931 223 3988 ad
251 3930 363 4007 Phryn.
391 3952 419 4008 p.
449 3934 521 3992 380.
550 3931 597 3990 ΠΙ
627 3934 678 4009 67,
706 3934 724 3992 5
755 3933 836 3991 solus
864 3950 966 3991 veram
994 3932 1120 3989 formam
1147 3925 1357 4009 παρενόμησαν

185 4027 317 4089 servavit
340 4027 399 4103 Gr,
421 4029 529 4104 reliqui
551 4023 775 4108 παρηνόμησαν.
812 4031 889 4088 Nam
913 4032 1049 4105 exempla
1070 4030 1195 4105 perfecti
1219 4033 1250 4090 et
1271 4032 1356 4107 plus-

185 4127 401 4203 quamperfecti
430 4127 509 4202 apud
541 4128 658 4188 AttIcos
688 4128 808 4205 quidem
836 4127 997 4202 scriptores
1030 4145 1147 4203 semper
1179 4129 1356 4206 reduplicati

187 4219 274 4305 (Xan.
298 4226 378 4285 Hist.
402 4225 451 4287 Gr.
474 4225 506 4284 Π
531 4228 558 4303 1,
578 4228 618 4286 31
644 4216 930 4304 παρενενομήκεσαν,
954 4229 981 4299 3,
1007 4228 1047 4285 36
1072 4225 1356 4306 παρανενομηκέναι,

185 4325 270 4383 Dem.
294 4325 364 4382 XXI
388 4329 406 4385 9
430 4316 720 4403 παρενενομήκεσαν,
748 4324 849 4383 XLIII
874 4327 912 4384 71
938 4318 1230 4403 παρανενομήκασιν,
1258 4326 1354 4384 XLIV

186 4424 237 4482 31.
270 4422 340 4480 LIV
368 4427 386 4482 2
415 4416 695 4506 παρανενομῆσθαι)
726 4425 901 4485 documento
930 4424 1000 4482 sunt
1028 4423 1082 4482 ho's
1110 4423 1207 4499 ipsam
1229 4423 1355 4501 ¹linguae
