3104 5078
690 375 748 422 ,-
795 340 837 404 ss
871 289 923 386 ’-

226 507 376 582 scriptura
395 510 450 580 est,
474 506 552 582 quod
576 504 733 564 confirmat
751 504 908 580 Amphidis
928 506 1033 566 comici
1054 508 1163 583 fragm.
1183 509 1212 567 9.
1246 505 1408 566 Contrario

227 603 301 663 vItio
320 604 351 662 Π
372 607 423 680 92,
444 607 461 662 1
482 603 514 661 in
533 603 648 662 duobus
668 602 754 661 libris
773 596 948 679 κελεύματος
969 604 1111 664 scribitur
1128 623 1183 680 pro
1201 597 1408 681 κελεύσματος.
1493 617 1496 621 ’

227 699 270 761 cf.
290 698 487 777 κεκέλενσμαι.
524 700 659 759 Atticum
678 719 738 758 non
762 719 827 759 esse
849 693 995 777 τάμωμεν,
1019 702 1098 777 quod
1118 702 1133 759 I
1153 704 1205 775 81,
1226 705 1243 761 6
1267 700 1407 762 inlibris

226 799 373 857 traditum
393 800 448 872 est,
468 796 520 857 sed
538 794 669 875 τέμωμεν
687 797 896 873 inscriptiones
916 797 1023 857 docent
1042 791 1211 878 (Meisterh.
1229 797 1249 875 ἐ
1267 801 1318 875 43,
1339 793 1408 878 24).

225 895 331 972 Neque
354 895 452 972 magis
475 896 643 972 κεκμηῶτες
667 913 721 969 pro
738 886 917 973 κεκμηκότας
935 894 967 952 in
985 896 1136 972 plerisque
1154 896 1239 957 libris
1258 897 1408 972 scriptum

224 992 272 1050 III
295 995 347 1067 59,
372 996 401 1052 2.
438 990 645 1051 OtIlustath.
669 1013 697 1067 p.
723 993 796 1067 641,
820 995 848 1052 2.
872 993 947 1053 Poll.
971 993 1018 1052 III
1044 997 1116 1055 106.
1163 993 1275 1054 Contra
1293 994 1407 1054 Atticis

209 1086 350 1167 ⁴prorsus
372 1090 532 1149 inusitatas
556 1089 650 1148 futese
673 1088 786 1148 formas
810 1083 935 1162 ἐοικότες
958 1083 1019 1166 (III
1045 1093 1095 1166 38,
1121 1083 1155 1171 5)
1184 1084 1286 1164 ἐοικός
1312 1085 1406 1171 (VlII

227 1190 277 1263 71,
303 1180 337 1269 2)
366 1183 494 1249 ἐοικέναι
517 1205 571 1262 pro
595 1180 702 1258 εἰκότες
725 1181 811 1258 εἰκύς
833 1183 957 1263 εἰκέναι,
987 1189 1067 1264 quod
1090 1189 1243 1249 contendit
1265 1190 1408 1249 Herwer-

224 1284 327 1360 denus,
351 1303 411 1343 non
431 1283 505 1343 satis
524 1283 644 1344 videtur
663 1286 809 1343 constare.
846 1284 924 1343 Nam
943 1286 1016 1344 haec
1033 1305 1088 1363 per
1106 1287 1214 1345 falsam
1233 1287 1407 1364 analogiam

224 1383 262 1440 nd
286 1381 470 1456 singularem
494 1378 576 1441 ἐοικα
599 1382 704 1440 eadem
727 1382 844 1440 ratione
868 1384 1092 1443 accommodata
1114 1402 1181 1444 esse
1199 1389 1326 1460 possunt
1345 1405 1407 1462 qua

223 1478 255 1536 in
278 1475 394 1556 ἔοιγμεν
418 1469 525 1559 (Soph.
548 1478 596 1538 Αἰ.
618 1481 713 1539 1239.
740 1479 811 1538 Εατ.
836 1479 955 1540 Heracl.
980 1483 1054 1540 427.
1079 1483 1152 1541 681.
1177 1479 1258 1557 Cyel.
1279 1476 1336 1563 99)
1360 1484 1405 1542 in-

223 1576 323 1635 didem
354 1597 383 1636 οι
410 1595 465 1652 pro
493 1599 504 1634 ι
529 1577 654 1652 irrepsit
685 1569 746 1656 (Cf.
777 1575 813 1635 G.
839 1577 918 1654 Moy.
949 1576 1000 1637 (ir.
1029 1577 1079 1637 Gr.
1109 1576 1129 1654 ξ
1153 1581 1216 1638 549
1233 1571 1290 1661 sq.)
1341 1581 1407 1642 Nee

224 1672 333 1732 desunt
361 1691 437 1749 quae
466 1693 530 1732 rem
558 1673 678 1732 firment
705 1675 864 1750 posterum
894 1677 1037 1752 exempla.
1088 1677 1174 1736 Licet
1206 1678 1285 1737 enim
1318 1679 1405 1738 salvo

223 1773 318 1828 metro
347 1771 378 1828 in
409 1770 503 1830 Arist.
532 1770 622 1848 Vesp.
652 1773 737 1830 1142
774 1774 805 1829 et
833 1772 941 1849 fragm.
972 1775 1034 1832 646
1063 1771 1156 1833 Kook.
1188 1793 1243 1850 pro
1275 1770 1406 1835 ἐοικέναι

222 1868 319 1943 possit
341 1865 527 1947 προσεικέναι
546 1870 625 1945 poni,
650 1871 752 1928 tamen
774 1869 849 1928 miro
868 1887 939 1928 casu
958 1870 1074 1929 duobus
1096 1871 1309 1932 diversissimis
1328 1872 1404 1932 locis

180 2015 182 2019 ,
221 1965 301 2025 idem
328 1966 437 2026 vitium
465 1967 638 2026 exstitisset.
684 1966 791 2041 Itaque
818 1986 856 2024 ne
884 1968 915 2026 iu
939 1967 1029 2044 Soph.
1058 1968 1179 2044 quidem
1205 1969 1311 2046 fragm.
1338 1972 1402 2029 682

223 2061 312 2121 Dind.
342 2067 437 2135 σκιαῖς
465 2057 591 2137 ἐοικότες
617 2065 649 2123 in
677 2068 805 2123 σκιαῑσιν
828 2058 935 2136 εἰκόνες
959 2067 1138 2125 mutandum
1161 2086 1227 2127 esse
1250 2070 1404 2142 putamus.

223 2158 336 2219 Contra
358 2160 435 2220 falso
460 2161 543 2220 codd.
566 2161 609 2220 VI
635 2163 686 2235 55,
711 2163 729 2219 2
753 2153 945 2240 ἀπεοικότως,
974 2182 1041 2222 eum
1065 2164 1189 2240 reliquis
1211 2164 1284 2223 locis
1308 2165 1404 2223 omni·

222 2260 279 2318 bus
313 2259 369 2318 Th.
402 2251 521 2330 εἰκότως
553 2263 584 2318 et
616 2253 778 2330 ἀπεικότως
810 2251 839 2338 (Ι
869 2261 919 2334 73,
950 2263 977 2319 1.
1010 2258 1041 2318 ΙΙ
1071 2262 1099 2335 8,
1130 2263 1158 2320 1.
1190 2261 1267 2320 VIII
1291 2262 1340 2334 68,
1366 2253 1404 2343 4)

222 2357 343 2416 habeat.
405 2355 532 2415 Veteres
569 2357 667 2417 Attici
702 2361 805 2416 utrum
842 2353 1014 2434 ἐπιμέλομαι
1051 2377 1090 2416 εει
1126 2355 1317 2436 ἐπιμελούμαι
1353 2361 1405 2419 vel

222 2457 383 2530 utrumque
408 2452 538 2512 dixerint
561 2472 597 2511 ex
619 2454 719 2513 titulis
742 2457 812 2513 ante
830 2453 986 2512 Euclidem
1005 2456 1093 2515 factis
1113 2456 1270 2515 diiudicari
1288 2458 1405 2534 nequit.

222 2550 334 2610 Postea
361 2552 430 2610 inde
454 2550 491 2609 ab
516 2569 542 2610 a.
568 2553 629 2612 369
656 2570 683 2610 a.
707 2550 759 2612 Oh.
783 2551 935 2610 iuvenitur
959 2549 1164 2631 ἐπιμελούμαι,
1195 2555 1249 2614 sed
1271 2551 1403 2632 ἐπιμέλο-

221 2671 273 2725 μαι
306 2650 398 2709 etiam
425 2669 452 2708 a.
481 2651 543 2708 322
574 2669 599 2708 a.
629 2648 682 2708 Oh.
715 2643 766 2728 (cf.
797 2648 950 2709 Meisterh.
984 2647 1003 2724 ξ
1028 2653 1081 2723 43,
1111 2643 1177 2732 11).
1226 2652 1332 2729 Neque
1366 2674 1404 2713 ex

222 2750 379 2820 poetarum
412 2746 615 2806 scaenicorum
646 2764 704 2804 usu
736 2764 784 2805 res
815 2747 897 2804 certo
929 2749 1126 2823 cognoscitur.
1178 2749 1255 2809 Nam
1288 2751 1404 2826 legitur

222 2845 342 2919 quidem
380 2836 598 2921 ἐπιμελούμεθα
634 2844 666 2901 in
698 2843 768 2901 Eur.
801 2843 911 2904 Phoen.
946 2846 1025 2923 556,
1063 2847 1115 2907 sed
1150 2847 1183 2906 in
1213 2848 1351 2908 versibus
1384 2871 1404 2910 a

221 2939 356 3000 Nauckio
381 2941 497 3019 eiectis,
525 2941 610 3000 etin
632 2941 727 3000 Arist.
750 2938 839 3016 Vesp.
866 2944 939 3002 154.
972 2944 1051 3002 Plut.
1077 2946 1161 3003 1117
1191 2964 1245 3021 per
1271 2949 1403 3006 metrum

221 3034 360 3115 ἐπιμέλον
398 3043 429 3097 et
465 3031 634 3116 ἐπεμέλεσθ’
670 3039 800 3098 scribere
832 3038 911 3100 licet.
967 3039 1091 3100 Certum
1124 3045 1171 3101 est
1203 3043 1257 3102 Th.
1290 3044 1403 3121 ubique

172 3149 175 3157 ·
222 3131 430 3211 μεταμέλεσθαι
461 3135 580 3195 dixisse.
627 3137 674 3194 Ad
702 3135 781 3210 quod
810 3155 876 3195 cum
904 3139 1083 3199 conveniant
1105 3140 1191 3199 verbi
1214 3137 1404 3218 ἐπιμέλεσθαι

221 3232 335 3292 formae
360 3235 468 3309 quibus
492 3253 564 3294 usus
593 3238 640 3294 est
664 3234 708 3292 VI
732 3235 784 3310 54,
809 3238 836 3294 6.
870 3234 929 3294 VH
954 3238 1004 3312 39,
1030 3239 1058 3310 2,
1086 3239 1211 3314 reliquis
1239 3239 1312 3298 locis
1342 3231 1402 3320 (IV

223 3334 300 3409 118,
329 3334 357 3392 3.
396 3332 439 3390 Vl
470 3336 524 3407 91,
553 3335 582 3393 5.
621 3333 680 3393 VH
708 3336 742 3409 8,
771 3336 799 3393 3.
833 3332 908 3392 VIII
937 3335 993 3409 39,
1025 3329 1058 3414 2)
1092 3336 1302 3413 corrigendum
1334 3356 1402 3397 esse

220 3449 383 3490 censemus.
430 3431 601 3491 Praesentis
629 3431 772 3508 αἴσθομαι
799 3432 917 3489 nullum
945 3433 1025 3507 apud
1049 3433 1104 3493 Th.
1132 3435 1284 3495 iuvenitur
1308 3435 1401 3496 vesti·

104 3571 106 3575 .
208 3528 306 3604 ,gium
333 3529 405 3604 quin
433 3529 464 3586 in
493 3530 557 3589 solo
584 3532 723 3588 accentus
748 3528 918 3589 discrimine
942 3529 974 3589 id
998 3531 1151 3590 consistet.
1197 3532 1276 3592 Nam
1299 3533 1399 3593 α”ισθε-

222 3629 295 3684 σθαι
318 3624 346 3680 V
366 3626 417 3698 26,
438 3627 464 3685 5.
491 3623 536 3684 VI
559 3626 610 3702 58,
637 3630 663 3686 1.
692 3625 752 3684 VII
778 3627 828 3702 75,
853 3629 870 3685 2
897 3626 1013 3703 aliquot
1036 3627 1107 3687 boni
1130 3628 1222 3705 codd,
1244 3630 1401 3706 pauciores

220 3722 441 3801 προαλσθεσθαι
463 3722 494 3781 ΙΙ
518 3725 568 3796 93,
593 3725 621 3782 4.
645 3723 692 3783 ΠΙ
716 3725 767 3797 83,
791 3725 821 3782 4.
868 3723 944 3783 Oum
966 3724 1062 3801 igitur
1084 3744 1122 3784 ne
1146 3727 1313 3786 consentiat
1332 3728 1400 3804 ¹qui-

221 3821 290 3879 dem
313 3822 458 3881 librorum
481 3822 637 3898 memoria,
663 3821 768 3882 aoristi
791 3821 957 3882 infinitivus
981 3824 1093 3899 ubique
1115 3824 1320 3885 restItuendus
1344 3829 1398 3888 est.

221 3916 306 3977 Idem
332 3920 415 3977 valet
442 3919 473 3976 in
501 3911 686 3997 ἀπέχθεσθαι
714 3919 730 3977 Ι
760 3921 833 3994 136,
863 3922 879 3978 1
913 3920 1044 3978 omnium
1076 3921 1221 3980 librorum
1254 3940 1401 3984 consensu

221 4015 343 4075 tradito.
382 4013 458 4074 Cum
481 4017 559 4074 enim
583 4018 658 4076 alibi
680 4035 822 4093 praesens
847 4017 887 4075 sit
910 4009 1128 4095 ἀπεχθάνομαι,
1152 4018 1258 4078 coristi
1272 4019 1401 4078 infiniti-

220 4133 276 4172 vus
301 4107 487 4191 ἀπεχθέσθαι
509 4113 717 4173 rescribendus
742 4116 789 4173 est
811 4113 850 4173 ad
874 4115 1056 4174 sententiam
1077 4117 1191 4191 optime
1210 4117 1398 4180 conveniens.

628 4346 632 4353 .
712 4337 908 4367 ——Qooe—
