3104 5078
671 315 885 381 ..50-

282 482 335 540 uh.
362 476 416 553 ξύν
445 482 554 541 dixisse
577 482 664 540 testis
688 484 735 540 est
758 482 847 542 Marc.
873 484 925 554 52,
952 483 983 540 iu
1007 502 1099 558 eoque
1124 485 1206 543 codd.
1229 484 1274 542 ita
1296 503 1366 543 con·

193 581 328 639 sentiunt
350 582 385 637 ut
408 598 460 638 sex
483 583 601 639 tantum
624 565 702 639 locis'
720 572 893 660 (σύνδεσμοι
916 580 947 637 Π
973 582 1045 656 102,
1064 583 1095 656 4,
1119 585 1297 661 σνλλεχεῐσοιι
1322 582 1367 639 17

194 680 243 752 25,
269 680 298 753 3,
326 678 456 755 συνεχῶς
477 676 522 734 IV
545 679 597 754 43,
621 679 651 752 5,
680 667 882 737 σνστοισιόσων
904 676 948 735 IV
973 679 1023 752 86,
1047 680 1077 754 4,
1103 675 1314 756 συστραφέντες
1339 678 1367 734 V

194 778 244 852 10,
269 779 296 849 9,
326 769 463 836 συνόδων
485 774 513 832 V
540 778 588 852 17,
614 765 648 854 2)
678 794 779 834 omnes
807 775 934 833 alteram
957 768 1089 850 :formam
1112 777 1284 851 praebeant.
1330 775 1368 834 In

190 874 288 932 titulis
307 873 416 933 Atticis
435 893 529 949 usque
548 873 627 934 ada.
643 875 707 931 410
727 891 752 930 a
769 870 821 930 Oh.
840 871 995 946 praevalet
1013 865 1068 943 ξόν
1087 865 1255 954 (Meisterh.
1275 870 1295 947 ξ
1313 876 1367 947 49,

194 963 263 1048 11),
287 973 391 1046 poc'tae
416 971 542 1031 scaenici
564 973 692 1046 utraque
714 971 812 1028 forma
834 971 968 1028 utuntur.

280 1070 443 1146 Phryniehi
471 1091 498 1145 p.
530 1071 570 1128 14
599 1070 790 1143 praeceptum
819 1062 899 1145 μέχρι
928 1063 960 1127 δέ
990 1066 1039 1127 τοὶ
1066 1064 1133 1148 όχρι
1160 1065 1223 1148 λέγε
1249 1071 1280 1128 et
1309 1069 1367 1132 Th.

191 1165 261 1224 libri
288 1167 478 1242 confirmant,
510 1167 541 1225 in
569 1166 676 1241 quibus
702 1166 855 1225 rarissime
883 1162 981 1245 μέχρις
1008 1170 1068 1244 est,
1097 1170 1128 1226 et
1159 1167 1243 1226 tituli
1270 1168 1368 1226 Attici

191 1255 242 1342 (ef.
266 1265 419 1324 Meisterh.
443 1263 463 1337 ξ
483 1265 535 1340 49,
560 1254 603 1343 3).

141 1428 145 1435 ,
280 1361 316 1420 In
341 1355 437 1439 μόλις,
465 1363 542 1437 quod
571 1364 689 1420 veteres
718 1362 835 1422 Atticos
863 1362 1043 1437 praetulisse
1072 1362 1145 1422 satis
1174 1366 1288 1421 certum
1318 1367 1368 1422 est

191 1452 241 1539 (cf.
266 1459 353 1518 Dind.
382 1460 438 1519 lex.
463 1460 604 1534 Aeschyl.
632 1478 655 1518 s.
685 1479 713 1520 v.
739 1451 851 1540 μόγις),
879 1460 923 1519 ita
945 1459 1137 1519 consentiunt
1160 1459 1214 1517 uh.
1237 1460 1308 1518 libri
1331 1465 1368 1520 ut

78 1631 81 1636 ι
187 1559 219 1615 in
242 1557 365 1616 dimidia
387 1559 450 1616 fere
474 1559 608 1616 locorum
631 1561 719 1633 parte
743 1552 825 1633 μόλις
843 1558 874 1616 in
892 1558 1031 1617 omnibus
1051 1557 1142 1634 codd,
1165 1575 1314 1637 nusquam
1333 1560 1367 1618 in

190 1655 327 1714 omnibus
351 1648 436 1734 μόγις
459 1674 525 1714 esse
548 1655 694 1715 videatur.

278 1752 364 1820 Quod
387 1752 516 1812 Meinelr.
540 1754 578 1813 ad
602 1752 703 1829 Steph.
724 1753 794 1828 Byz.
819 1772 840 1812 s
865 1774 890 1813 v.
911 1746 1090 1831 Ἀρκόνησος
1113 1754 1200 1814 docet
1222 1755 1253 1812 in
1272 1757 1366 1815 Πελο·

187 1844 337 1926 πόννιχσος
356 1843 570 1929 Προκόννησος
591 1855 621 1910 et
640 1853 665 1910 si
684 1869 759 1927 quae
779 1852 838 1910 alia
857 1870 924 1910 cum
947 1852 1116 1911 nominibus
1140 1852 1249 1911 tertiae
1273 1853 1364 1911 decli-

186 1948 316 2007 nationis
345 1950 510 2024 composita
539 1949 599 2008 sint
627 1941 738 2025 duplex
764 1971 783 2007 ν
810 1969 888 2026 esse,
920 1951 1058 2026 simplex,
1092 1950 1117 2008 si
1149 1969 1217 2010 cum
1246 1949 1365 2009 nomine

188 2046 334 2105 secundae
362 2046 582 2120 declinationis,
610 2047 641 2104 id
668 2047 757 2122 plane
785 2047 962 2106 confirment
988 2047 1196 2122 inscriptiones
1225 2040 1276 2127 (cf.
1304 2048 1365 2106 ind.

188 2143 255 2202 OIA
274 2145 289 2201 I
308 2164 331 2203 s.
350 2165 377 2204 v.
400 2139 638 2223 Πελοποννήσιοι
662 2138 883 2222 Προκοννήσιοι
906 2138 1102 2223 Χερρονήσιοι
1126 2138 1364 2226 Χερρονησῖτοιι).

188 2242 276 2316 Apud
310 2242 363 2302 Th.
397 2243 428 2300 in
461 2241 543 2302 Cass.
577 2247 608 2302 et
640 2242 838 2301 deterioribus
872 2242 957 2301 libris
991 2243 1109 2318 saepius
1143 2237 1365 2320 Πελοπονήσιοι

189 2334 399 2416 Πελοπόνησος
423 2343 454 2398 et
476 2341 521 2398 III
547 2343 597 2417 32,
623 2344 638 2400 1
665 2341 697 2399 in
719 2339 872 2416 plerisque
895 2334 1061 2423 Μοονήσχο.

276 2437 429 2495 Nonnulla
451 2437 528 2497 vitia
551 2442 617 2496 orta
640 2441 710 2496 sunt
733 2456 769 2495 ex
791 2439 962 2496 litterarum
985 2438 1187 2514 geminatione
1209 2438 1287 2498 falso
1311 2443 1364 2498 aut

186 2535 274 2592 illata
296 2537 350 2592 aut
373 2534 491 2594 omissa.
529 2533 577 2593 Sic
600 2534 615 2592 Ι
641 2537 726 2608 15,1
753 2530 929 2615 προσχόντες
951 2555 1006 2611 pro
1029 2529 1225 2614 προσσχόντες
1247 2537 1279 2594 in
1302 2549 1378 2596 om-'

188 2632 276 2691 nibus
306 2633 389 2692 codd.
417 2636 538 2708 praeter
560 2632 597 2694 It.
627 2637 658 2692 et
681 2635 758 2710 Pal,
787 2635 838 2710 qui
864 2631 1053 2713 προσέχοντες
1076 2635 1200 2711 habent,
1230 2635 1363 2709 itemque

187 2730 234 2788 III
259 2733 310 2803 32,
336 2733 352 2789 1
383 2731 414 2788 in
441 2731 544 2806 paucis
567 2726 704 2809 προσχεόν
726 2750 780 2806 pro
804 2725 975 2811 προσσχόν;
1002 2733 1031 2790 V
1056 2735 1106 2808 71,
1131 2737 1147 2792 1
1172 2732 1204 2790 iu
1227 2732 1363 2791 omnibus

186 2829 249 2886 fere
269 2821 363 2904 (Olar.
382 2827 456 2887 Ven.
475 2824 678 2907 περιστέλλειν,
702 2829 765 2887 Pal.
784 2821 862 2906 πρόσ
879 2825 994 2888 πέλλειν
1014 2830 1128 2888 factum
1152 2849 1188 2888 ex
1211 2824 1363 2907 προσστέλ-

186 2916 261 3005 λειν)
285 2921 470 3002 προστέλλειν
492 2945 546 3001 pro
571 2922 781 3005 προσστέλλειν,
805 2927 884 3003 quod
903 2927 981 2986 idern
1001 2929 1161 3003 legendum
1181 2927 1260 3004 apud
1279 2925 1359 2984 Cass.

187 3023 274 3081 Dion.
297 3023 349 3080 XL
371 3025 422 3099 23,
441 3026 471 3098 3,
495 3025 545 3100 qui
568 3024 647 3082 hunc
670 3026 768 3084 locum
791 3025 927 3085 imitatus
952 3029 1011 3102 θοὴ
1033 3025 1153 3097 ΠΙ57,
1174 3028 1190 3084 1
1215 3024 1246 3082 in
1268 3022 1358 3081 omni-

186 3121 242 3178 bus
265 3117 477 3198 προσιιέψοσθε
499 3141 554 3197 pro
578 3118 820 3200 προσσκέψοισθε,
849 3141 916 3181 cum
940 3127 1146 3200 praeterea,
1172 3141 1232 3183 nou
1253 3123 1359 3180 antea

187 3219 374 3277 considerare
401 3219 570 3280 iubeantur.
616 3219 735 3279 Pariter
758 3221 874 3297 Musqu.
897 3221 944 3278 ΙΙΙ
969 3223 1020 3298 95,
1049 3225 1064 3280 1
1095 3222 1173 3280 falso
1201 3211 1362 3298 Παρνασόν
1430 3228 1432 3231 ’

188 3311 238 3391 (cf.
268 3316 378 3375 Herod.
408 3316 422 3374 Ι
452 3320 525 3393 209,
554 3309 611 3391 20)
640 3320 670 3376 et
693 3317 768 3377 VIII
792 3321 843 3396 42,
871 3323 900 3379 4.
933 3321 1004 3394 108,
1028 3322 1046 3378 2
1075 3320 1106 3378 in
1136 3319 1252 3397 aliquot
1279 3317 1361 3377 codd.

182 3408 395 3492 ‘Alunupvuodv
419 3408 644 3495 Ἁλικαρνασέας
672 3409 723 3498 (cf.
751 3417 811 3477 ind.
836 3416 903 3475 CIA
926 3417 941 3474 I
969 3419 1000 3476 et
1023 3417 1132 3477 Herod.
1156 3417 1171 3474 I
1199 3419 1272 3492 209,
1297 3410 1361 3492 30).

187 3512 330 3571 Eiusdem
355 3514 464 3572 erroris
488 3516 559 3573 sunt
583 3515 713 3590 quaein
737 3515 853 3590 aliquot
876 3510 959 3575 codd.
982 3515 1127 3590 leguntur
1152 3512 1307 3574 Olvouooiv
1331 3514 1362 3570 et

188 3605 338 3689 Σιδοόσης
356 3610 433 3669 VIII
453 3613 504 3686 24,
525 3614 553 3688 2,
576 3605 791 3691 Μοιρόθονσοιν
815 3611 889 3670 VIII
909 3615 960 3690 31,
980 3615 1009 3688 3,
1035 3614 1207 3691 Τειχιοῦσαν
1232 3603 1362 3689 Τειχιοό-

187 3727 241 3788 σης
264 3709 338 3767 VIII
363 3711 414 3784 26,
439 3711 467 3768 3.
503 3712 553 3786 28,
580 3714 607 3785 1,
635 3705 816 3789 Δρόμονσνιν
839 3710 915 3768 VIII
940 3713 990 3786 31,
1020 3713 1039 3770 3
1068 3713 1099 3770 ct
1126 3731 1140 3767 τ
1168 3709 1259 3768 simul
1286 3709 1317 3766 iu
1344 3731 1362 3786 χ

186 3812 303 3868 mutato
329 3801 517 3888 Τεόχλονσον
539 3811 588 3869 vel
614 3806 781 3890 Te'ylovouv
804 3802 928 3888 (reliqui
954 3801 1172 3889 Τενχλοόσσοιν)
1196 3828 1252 3885 pro
1278 3811 1363 3867 Τεντ-

186 3907 323 3966 λοόσσαν.
370 3906 449 3964 Nem
477 3907 551 3966 haec
579 3909 700 3984 proprie
730 3907 873 3966 feminina
902 3911 972 3965 sunt
1000 3906 1216 3967 adiectivorum
1243 3905 1275 3962 in
1303 3898 1362 3976 όεις

186 4005 324 4066 derivata
347 4003 384 4062 ab
409 3995 503 4079 οἶνος,
533 4005 615 4084 σίδη,
644 4000 797 4084 μάραθον,
823 4004 942 4084 τειχίον,
967 3999 1093 4082 δρυμός,
1116 4005 1241 4064 τεῦτλον.
1286 4003 1359 4060 Rem

187 4102 363 4163 confirmant
385 4101 607 4178 inscriptiones,
630 4105 662 4162 in
685 4105 793 4180 quibus
817 4106 864 4164 est
889 4105 1071 4181 Τειχιοῦσσν,
1097 4103 1150 4163 sed
1172 4120 1226 4178 pro
1250 4097 1362 4183 έθνικῷ

186 4202 359 4261 constanter
381 4193 537 4261 Σιδοόσιοι
566 4192 618 4282 (cf.
641 4202 701 4262 ind.
726 4201 793 4260 οΙΑ
817 4194 856 4283 Ι).
905 4203 948 4260 Ex
975 4200 1083 4282 quibus
1107 4200 1197 4260 simul
1220 4205 1360 4262 accentus

186 4299 293 4357 horum
320 4298 533 4358 vocabulorum
562 4298 760 4374 cognoscitur.
806 4299 870 4358 Iam
899 4299 1064 4359 Herodiaui
1091 4303 1239 4374 tempore,
1267 4300 1319 4375 qui
1346 4298 1361 4356 I

187 4399 261 4471 269,
289 4399 330 4457 36
362 4390 541 4472 Τεότλονσοι,
568 4401 672 4457 contra
699 4398 714 4455 I
743 4400 815 4475 170,
840 4401 880 4457 14
909 4398 1090 4476 Δρνμοῦσσοι
1118 4415 1154 4457 ex
1182 4397 1237 4456 Th.
1265 4397 1361 4472 affert,
