3104 5078
686 350 880 412 ..7-

197 516 249 574 ubi
264 515 359 576 cretio
379 519 462 575 recta
477 510 517 593 ήν
535 535 578 597 πή
595 511 645 574 καὶ
659 513 733 598 δοκῇ
749 508 877 574 δυνατόν
891 506 965 573 εἶναι
980 517 1069 592 σχεῖν,
1088 507 1252 575 ἆποκνοῦσι
1266 518 1369 591 postu·v

195 615 246 672 lut.
293 612 349 672 Hic
376 613 470 690 igitur
499 614 615 673 duabus
643 613 679 671 de
707 613 805 672 causis
833 607 872 672 ύν
895 614 1000 673 abesse
1023 613 1120 671 debet.
1167 612 1253 682 Quod
1276 613 1370 689 igitur

194 712 240 769 his
264 712 337 771 locis
360 731 397 770 ne
422 713 518 795 oratio
541 712 660 788 quidem
683 713 765 770 recte
787 712 819 770 in
842 711 966 786 apodcsi
993 704 1032 769 ύν
1059 710 1206 785 admittit,
1236 710 1315 769 idem
1339 712 1370 769 in

193 810 311 885 reliqua
343 810 445 870 omissi
480 805 518 869 ύν
550 811 685 884 exempla
716 809 807 869 velet.
863 808 1041 868 Adscribem
1073 826 1109 867 ca
1140 809 1171 867 in
1204 808 1368 868 cretionem

193 909 306 965 rectem
330 925 487 968 converse:
514 906 558 966 IV
582 910 610 980 3,
636 909 654 966 3
678 905 786 966 πολλαί
809 905 883 965 είσιν
906 900 994 984 ύκραι
1018 899 1122 984 ἐρήμοι
1144 909 1195 985 τῆς
1219 910 1368 967 Πελοπον·

193 996 299 1081 νήσου,
321 999 362 1082 ήν
385 999 525 1084 βούληται
547 998 780 1083 καταλαμβάνων
801 996 855 1080 τήν
873 996 960 1062 πόλιν
980 1002 1128 1083 δαπανᾶν,
1152 1006 1297 1082 V116,1
1319 1001 1366 1063 καλ

194 1092 234 1176 ήν
257 1097 363 1162 ἐκεῖνοι
386 1096 425 1180 μή
449 1099 573 1162 ἐθέλωσι
595 1096 689 1181 μύχης
712 1096 821 1180 δρχειν,
845 1093 1008 1180 ἆναγκαῑον
1032 1095 1135 1189 αὐτοῖς,
1153 1100 1232 1162 ἐστιν
1254 1096 1293 1180 μή
1317 1123 1368 1161 πε-

194 1200 298 1276 ριορᾶν
319 1195 634 1279 παροικοδομούμενον
656 1193 687 1260 τὸ
711 1204 812 1278 τεῖχος.

282 1295 417 1356 Similem
435 1298 498 1357 vim
516 1301 606 1374 utque
625 1290 679 1356 ίύν
701 1315 768 1354 cum
792 1297 979 1357 coniunctivo
1004 1299 1095 1356 habet
1118 1298 1145 1357 εί
1166 1318 1234 1357 cum
1257 1299 1366 1358 indica·

191 1395 254 1454 tivo
282 1396 385 1455 futuri.
437 1396 608 1456 Infinitivus
636 1394 731 1453 futuri
758 1395 789 1454 in
817 1395 971 1455 enuntiato
1000 1416 1018 1454 e
1046 1397 1136 1455 verbo
1166 1399 1292 1472 putandi
1319 1398 1368 1458 vel

192 1493 307 1552 dicendi
335 1495 483 1569 pendente
512 1495 647 1571 sequitur
670 1493 717 1550 III
743 1496 793 1566 32,
824 1496 852 1552 2.
883 1492 928 1550 IV
954 1496 1025 1567 120,
1055 1496 1073 1553 3
1104 1488 1185 1575 (cum
1214 1496 1367 1571 Kruegero

108 1666 112 1671 .
192 1590 222 1649 εἴ
239 1612 268 1650 τε
290 1582 445 1668 τεθήσεται
467 1593 626 1668 legendum
651 1584 712 1672 cst)
742 1590 813 1648 VlII
840 1593 890 1663 86,
917 1593 934 1648 7
964 1591 1091 1667 aliisque
1119 1592 1206 1667 locis,
1233 1586 1272 1651 ύίν
1300 1613 1366 1652 cum

190 1689 243 1748 inf.
266 1707 362 1764 prees.
386 1690 455 1748 hcc:
483 1689 527 1747 VI
552 1692 603 1767 34,
627 1693 645 1748 2
677 1689 703 1748 εί
728 1681 797 1746 τόδε
819 1682 1013 1766 προήσονται,
1041 1681 1099 1748 κδν
1121 1693 1205 1766 σφεῖς
1228 1687 1261 1748 ἐν
1282 1683 1366 1774 πόνῳ

192 1778 276 1845 εἷναι.
321 1785 483 1846 Diversum
510 1789 612 1846 autem
640 1789 687 1846 est
709 1785 784 1845 VIII
808 1788 860 1863 45,
883 1788 902 1844 5
931 1779 982 1858 τὰς
1010 1780 1037 1845 δ’
1066 1781 1155 1859 ύλλας
1182 1782 1280 1859 πόλεις
1307 1785 1365 1866 ἐφη

193 1879 307 1944 ἆδικεῖν
331 1927 378 1960 ..,
405 1883 444 1947 εί,
458 1878 497 1962 μή
527 1881 575 1942 καὶ
598 1887 655 1943 νύν
677 1887 802 1945 τοσαῦτα
826 1928 832 1942 .
853 1931 859 1942 .
883 1877 1077 1961 ἐθελήσουσιν
1100 1882 1242 1961 ἐσφέρειν.
1288 1887 1365 1945 Nem

193 2003 261 2042 cum
293 1983 382 2061 urbes
414 1981 569 2057 pecuniam
599 2001 659 2040 non
689 1983 760 2041 dare
787 1986 911 2058 paratae
938 1983 1011 2058 sint,
1045 1984 1096 2042 sed
1124 1985 1280 2058 postulent
1306 1977 1365 2066 (4),

192 2099 299 2142 reuera
329 2075 440 2140 iniuste
467 2080 527 2138 iem
559 2083 668 2157 agunt,
699 2098 758 2155 que
787 2081 896 2140 iniuria
928 2081 1087 2155 desistent,
1119 2082 1145 2139 si
1177 2083 1365 2142 contribuere

191 2179 349 2240 voluerint.
387 2178 504 2254 'Itaque
537 2178 616 2254 quod
648 2177 758 2238 iniuste
785 2182 881 2255 egunt
912 2198 972 2238 non
1004 2180 1123 2239 omnino
1156 2181 1193 2238 ab
1228 2181 1366 2255 apposita

190 2277 359 2337 condicione
381 2276 578 2352 repetendum
601 2279 656 2353 est,
679 2277 731 2336 sed
752 2282 871 2352 praeter
895 2297 960 2337 eem
984 2279 1076 2338 etiem
1099 2278 1159 2337 vim
1183 2279 1283 2338 hebet.
1321 2277 1365 2338 Of.

190 2376 234 2433 VI
254 2377 305 2450 80,
325 2378 345 2434 3
364 2368 573 2453 μαρτυρόμεθα
592 2368 662 2451 ύμα,
685 2374 712 2434 εί
733 2367 773 2452 μή
796 2376 944 2454 πείσομεν,
968 2370 1012 2436 ότι
1034 2370 1289 2455 ἐπιβουλευόμεθα
1312 2372 1365 2454 μὲν
1395 2403 1396 2408 “

189 2465 247 2533 ὑπὸ
272 2467 383 2533 Ἰαόνων
411 2466 457 2532 olel
484 2472 645 2552 πολεμίωρ,
673 2468 879 2552 προδιδόμεθα
907 2471 939 2534 δὲ
967 2467 1025 2535 ὑπὸ
1050 2469 1134 2552 ὑμῶν
1157 2476 1275 2553 Δωριῆς
1298 2477 1363 2533 Λω-

190 2567 285 2650 ριέων.
293 2562 320 2652 1)
359 2570 457 2630 Aliter
476 2566 668 2630 iudicandum
687 2576 734 2631 est
752 2572 789 2630 de
808 2571 852 2629 VI
871 2574 923 2647 87,
942 2575 962 2630 4
983 2565 1032 2631 διὰ
1051 2565 1082 2632 τδ
1106 2568 1224 2650 ἑτοίμην
1246 2565 1365 2632 ὑπεῖναι

180 2666 294 2730 Ιἐλπίδα
320 2671 360 2753 τῷ
388 2664 442 2746 μέν
469 2661 632 2746 ἆντιτυχεῐν
660 2667 829 2748 ἐπικουρίας
852 2663 907 2745 ἐφ’
932 2662 1031 2748 ήμῶν,
1058 2665 1098 2753 τῷ
1123 2667 1170 2745 δέ,
1199 2670 1225 2729 εἰ
1246 2665 1364 2748 ήξομεν,

189 2764 229 2845 μή
258 2760 342 2839 αἰδεὲς
369 2758 444 2826 εἶναι
477 2759 535 2847 (εἰσ
561 2768 722 2843 legendum
750 2786 816 2828 esse
843 2770 916 2843 puto
945 2768 1043 2828 deleto
1071 2762 1258 2828 κινδυνεύειν
1285 2770 1365 2843 quod

189 2858 348 2945 sequitur).
389 2864 629 2926 Nem-infinitivi
646 2886 704 2926 non
729 2884 747 2924 e
769 2868 836 2924 tote
857 2865 1006 2926 locutione
1028 2858 1148 2924 ὑπεῖναι
1170 2862 1272 2925 ἐλπίδα
1294 2885 1365 2940 pen-

189 2964 274 3041 dent,
301 2963 354 3023 sed
376 2964 452 3022 nihil
475 2964 534 3022 nisi
557 2966 735 3024 sententiam
761 2964 944 3025 substantivi
967 2961 1069 3023 ἐλπίδα
1093 2964 1136 3022 ite
1158 2965 1306 3039 complent
1331 2968 1365 3023 ut

106 3081 110 3085 ’
188 3061 219 3120 id
255 3062 354 3136 ipsum
386 3062 465 3137 quod
502 3065 640 3138 speretur
675 3063 759 3121 nulla
796 3063 856 3121 elia
887 3062 1003 3121 ratione
1034 3061 1139 3134 habite
1171 3061 1364 3137 significetur.

189 3158 287 3227 Quare
310 3156 390 3231 ἐλπίς
413 3156 471 3219 ἐστι
495 3163 632 3238 σωθῆναι
650 3161 723 3219 Eur.
742 3160 792 3220 Or.
814 3163 876 3219 779
900 3160 1014 3234 pariter
1037 3159 1146 3217 dicitur
1169 3163 1259 3234 etque
1282 3157 1363 3232 ἐλπίς

190 3254 249 3315 ἐστι
267 3256 418 3335 σωτηρίας.
456 3256 600 3318 Similiter
620 3253 696 3331 είκύς
715 3256 773 3318 ἐστι
795 3259 875 3333 apud
895 3257 1102 3333 Thucydidem
1124 3276 1221 3332 neque
1243 3256 1364 3316 infiniti-

191 3373 243 3414 vus
266 3355 362 3414 futuri
384 3375 480 3432 neque
503 3357 668 3418 infinitivus
692 3378 760 3416 cum
783 3350 822 3414 ύν
845 3356 989 3432 sequitur,
1012 3356 1096 3414 cuius
1119 3355 1162 3412 rei
1182 3373 1272 3414 cauea
1295 3356 1363 3415 inde

188 3453 352 3528 repetenda
384 3456 431 3511 est
462 3455 541 3530 quod
573 3456 649 3513 illud
680 3454 801 3530 proprie
831 3472 891 3512 non
923 3453 1049 3529 putandi
1080 3453 1148 3523 vim,
1173 3453 1277 3528 habet,
1310 3454 1363 3512 sed

188 3552 303 3626 decet,
332 3551 502 3611 convenit
529 3552 685 3628 significet.
737 3550 855 3611 Dicitur
884 3551 977 3627 igitur
1007 3552 1044 3634 de
1071 3551 1116 3610 rei
1147 3571 1201 3627 per
1234 3571 1265 3610 se
1297 3571 1362 3627 pro-

191 3650 350 3709 babilitate
372 3652 517 3725 temporis
540 3654 572 3710 et
590 3651 768 3712 condicionis
788 3652 1004 3727 significatione
1022 3652 1141 3712 emisse.
1179 3650 1222 3710 ef.
1241 3651 1269 3708 V
1290 3653 1363 3711 102.

261 3822 287 3889 1)
310 3820 372 3875 Huc
394 3837 451 3874 non
472 3821 596 3890 pertinet
613 3821 653 3875 VI
671 3828 730 3890 6,2
755 3818 884 3890 λέγοντες
903 3862 967 3887 ...,
993 3820 1020 3875 εί
1037 3817 1211 3888 Συρακόσιοι
1230 3863 1236 3875 .
1255 3866 1260 3876 ,
1278 3863 1282 3873 .
1303 3816 1362 3876 ἄτι-

188 3897 311 3971 μύρητοι
329 3898 498 3969 γενήσονται
517 3900 565 3954 καί
582 3942 589 3955 .
606 3943 633 3956 ..
653 3896 705 3970 τὴν
724 3896 839 3955 ἅπασαν
858 3896 982 3970 δύναμιν
1002 3901 1051 3969 τῆς
1070 3903 1202 3963 Σικελίας
1221 3896 1362 3970 σχήσουσι,

186 3982 320 4036 κίνδυνον
340 3978 426 4036 εἶναι.
433 3977 471 4051 μή
490 3999 559 4035 ποτε
580 4022 631 4036 ...
650 3980 698 4035 καί
717 3976 769 4049 τήν
789 3976 904 4035 ἐκείνων
924 3979 1048 4052 δύναμιν
1067 3979 1276 4050 ξυγκαθέλωσι,
1298 3999 1361 4036 cum

186 4061 314 4116 condicio
337 4079 393 4117 non
419 4061 456 4115 ad
474 4061 608 4121 κίνδυνον
628 4057 716 4128 εἶναι,
742 4060 790 4131 sed
809 4061 846 4115 sd
864 4056 901 4131 μή
920 4079 988 4114 ποτε
1009 4102 1058 4116 ...
1078 4059 1273 4130 ξυγκαθὲλωσι
1292 4061 1361 4114 ref·

185 4144 271 4198 ratur.
312 4141 411 4211 Neque
435 4141 524 4210 magis
548 4142 587 4196 VI
611 4147 653 4210 91,
677 4150 694 4196 4
718 4135 788 4196 diors
812 4137 849 4211 μὴ
873 4140 938 4210 περλ
965 4141 1014 4208 τῆς
1038 4141 1169 4201 Σικελίας
1192 4158 1232 4200 τις
1256 4137 1360 4194 οἰέσθω

185 4221 275 4292 μόνον
295 4219 455 4294 βουλεύειν,
477 4216 547 4276 ἄλλδι
567 4223 615 4276 καί
634 4223 697 4293 περί
716 4225 766 4292 τῆς
784 4219 1018 4290 Πελοποννήσου,
1042 4217 1123 4292 εἰμὴ
1142 4218 1272 4288 ποιήσετε
1291 4216 1360 4275 τάδε

186 4299 217 4356 ἐν
232 4299 311 4370 τείχει
326 4301 481 4356 infinitivus
496 4299 642 4371 βουλεύειν
658 4303 814 4360 condicioni
829 4303 972 4369 subicitur,
988 4301 1038 4354 sed
1052 4299 1190 4355 sententia
1203 4302 1271 4367 περί
1281 4318 1359 4369 prec-

185 4382 326 4453 positione
350 4399 493 4453 expresse,
516 4401 573 4452 que
595 4383 724 4439 adhibila
745 4383 918 4454 significetur
941 4382 1035 4436 actum
1059 4381 1118 4435 fore
1142 4395 1198 4433 non
1216 4381 1304 4435 solum
1325 4383 1359 4436 de

186 4463 296 4532 Sicilie,
317 4464 366 4520 sed
386 4463 472 4519 etiem
491 4465 525 4519 de
546 4465 751 4534 Peloponneso,
770 4464 825 4518 nisi
844 4460 971 4518 celeriter
989 4462 1060 4514 haec
1078 4460 1192 4516 fuciunt.
