3104 5078
711 319 906 388 ..·4-

223 490 338 547 ratione
366 492 487 564 quidem
515 509 587 549 usus
615 490 833 565 proficiscatur,
866 511 961 567 neque
991 497 1092 551 tamen
1119 512 1220 550 omnes
1248 495 1397 568 quotquot

170 667 173 671 ἢ
222 587 294 662 fingi
317 592 445 663 possunt
469 589 619 663 cogitandi
643 589 774 646 rationes
799 588 914 646 dicendi
938 608 994 647 usu
1021 591 1239 664 exprimantur,
1267 589 1395 664 primum

223 686 293 760 quid
318 686 461 760 scriptum
486 687 527 745 sit
550 686 701 744 sciendum
725 689 783 758 est,
810 686 917 744 deinde
940 708 993 746 cur
1016 689 1059 747 ita
1083 681 1226 764 scriptum
1251 689 1290 747 sit
1312 688 1394 747 inda-

222 783 364 859 gendum.
410 784 490 841 Illud
513 788 614 842 autem
637 786 757 858 praeter
780 786 916 843 veterum
939 788 1203 860 grammaticorum
1230 787 1395 846 doctrinam

221 882 341 938 aliunde
369 881 432 940 fere
460 882 599 958 cognosci
626 882 730 956 nequit
759 881 817 938 nisi
850 902 885 940 ex
916 883 1061 943 librorum
1093 905 1184 944 manu
1216 885 1394 959 scriptorum

221 981 373 1038 memoria.
410 981 453 1038 At
475 980 739 1056 grammaticorum
763 984 923 1055 praecepta
945 983 1043 1058 magis
1062 984 1250 1059 exipsorum
1268 983 1393 1041 arbitrio

221 1098 310 1152 quam
324 1099 360 1136 ex
374 1098 431 1137 usu
446 1078 625 1154 scriptorum
640 1078 799 1151 diligenter
814 1078 972 1139 observato
987 1081 1107 1140 fluxisse
1121 1081 1233 1158 dicunt,
1250 1082 1394 1140 librorum

220 1180 320 1234 autem
344 1171 553 1236 auctoritatem
577 1177 665 1234 valde
688 1175 810 1233 dubiam
834 1195 908 1237 esse.
953 1179 1098 1253 Exempla
1123 1178 1202 1236 enim
1225 1178 1262 1236 de
1286 1178 1394 1253 quibus

219 1275 329 1348 agatur
341 1275 372 1331 in
386 1274 647 1333 terminationibus
662 1272 852 1348 potissimum
866 1277 1029 1335 consistere
1044 1295 1121 1352 quae
1135 1277 1219 1335 velut
1234 1309 1275 1316 —
1292 1293 1340 1334 σαι
1352 1309 1390 1317 -

219 1387 294 1442 σειν,
319 1404 360 1410 -
385 1376 496 1430 conduc
520 1403 561 1412 -
585 1375 691 1429 σεσθιιι
718 1374 840 1446 propter
869 1374 987 1432 errandi
1015 1374 1190 1433 facilitatem
1218 1377 1281 1433 tam
1305 1394 1392 1450 saepe

218 1488 236 1526 a
264 1471 395 1528 librariis
422 1472 611 1545 permutatae
641 1469 701 1527 sint
728 1471 763 1526 ut
793 1489 916 1544 prorsus
943 1472 1076 1531 incertae
1106 1472 1167 1530 sint
1197 1472 1274 1531 fidei.
1325 1474 1392 1532 Non

217 1568 306 1626 nimis
334 1568 541 1627 confidendum
570 1587 636 1626 esse
665 1569 930 1653 grammaticorum
958 1569 1066 1629 iudicio
1092 1570 1259 1630 concedere
1275 1571 1394 1645 oportet

219 1685 314 1741 neque
338 1668 370 1723 in
393 1667 519 1742 singulis
542 1666 616 1725 locis
641 1666 781 1724 standum
806 1684 871 1724 esse
893 1666 1039 1727 librorum
1062 1668 1249 1728 auctoritate.
1286 1668 1328 1724 At
1348 1670 1394 1725 est

218 1764 339 1838 quidam
367 1764 463 1823 bonae
494 1764 603 1822 aetatis
636 1763 794 1834 librorum,
828 1764 853 1821 si
886 1765 985 1823 omnia
1017 1769 1199 1843 spectamus,
1231 1783 1392 1825 consensus

216 1863 337 1943 minime
365 1863 583 1938 neglegenduS,
612 1881 630 1920 a
652 1880 710 1937 quo
736 1861 786 1918 ubi
809 1862 971 1937 receditur,
999 1863 1080 1922 iusta
1103 1863 1277 1939 suspicionis
1301 1881 1391 1920 causa

217 1963 271 2018 est
307 1961 385 2018 Eum
404 1979 580 2020 consensum
600 1961 673 2018 locis
692 1959 883 2018 numerandis
903 1960 991 2019 facile
1009 1961 1167 2022 ostendere
1187 1961 1266 2020 lieet.
1304 1961 1391 2018 Prae-

215 2061 299 2116 terea
322 2060 444 2116 maximi
467 2058 614 2119 momenti
638 2060 708 2116 sunt
732 2075 784 2116 eae
807 2056 966 2115 verborum
985 2058 1099 2117 formae
1127 2078 1253 2135 quarum
1275 2078 1392 2134 permu-

213 2156 292 2214 tatio
320 2157 451 2216 librariis
478 2176 538 2216 nen
567 2157 663 2215 facilis
696 2159 769 2214 erat.
814 2155 876 2212 Eae
909 2157 996 2230 enim,
1021 2157 1071 2215 ubi
1104 2160 1288 2232 comparent,
1321 2157 1392 2214 libri

214 2256 376 2329 genuinam
403 2255 582 2331 scripturam
617 2273 737 2314 servare
766 2253 876 2330 solent,
908 2254 989 2331 iique
1022 2255 1080 2314 loci
1111 2275 1166 2331 pro
1196 2255 1391 2330 fundamento

213 2351 395 2426 quaestionis
415 2352 558 2428 cuiusque
577 2351 706 2410 habendi
726 2353 804 2409 sunt.
842 2350 986 2411 Normam
1004 2353 1100 2428 igitur
1116 2353 1258 2428 adquam
1273 2352 1390 2412 dicendi

213 2469 300 2508 usum
318 2449 483 2526 dirigamus
502 2450 579 2508 hanc
598 2448 781 2509 constituere
798 2448 870 2506 licet
889 2453 923 2507 ut
946 2470 1022 2528 quae
1045 2452 1148 2527 paucis
1172 2452 1292 2510 tantum
1315 2451 1387 2509 locis

213 2551 333 2624 praeter
347 2567 532 2606 communem
551 2548 698 2606 librorum
717 2564 891 2605 consensum
910 2548 1101 2607 inveniantur
1119 2567 1217 2625 neque
1235 2550 1266 2606 in
1285 2547 1388 2606 formis

214 2648 252 2705 ad
276 2649 451 2705 mutandum
478 2645 649 2704 difficilibus
678 2647 843 2720 appareant
869 2645 1019 2703 reicienda
1046 2665 1112 2705 esse
1140 2664 1326 2719 censeamus,
1355 2664 1390 2703 ea

213 2749 315 2804 autem
343 2765 397 2820 pro
425 2763 495 2804 vere
523 2743 644 2802 traditis
672 2745 852 2819 accipiamus
875 2743 906 2800 in
929 2744 1038 2819 quibus
1061 2744 1253 2804 librariorum
1275 2744 1390 2802 incuria

213 2848 345 2901 erratum
371 2862 436 2902 esse
459 2862 518 2901 non
540 2841 628 2900 facile
652 2842 742 2900 liceat
764 2841 905 2916 cogitare.

302 2940 480 3000 Observatie
508 2959 567 3014 qua
595 2939 739 3014 Madvigii
770 2940 949 2997 sententiam
980 2938 1183 2998 confirmaturi
1215 2956 1316 2997 sumus
1348 2940 1386 2996 ad

213 3038 368 3098 enuntiata
397 3039 513 3113 spectat
540 3036 755 3095 condicionalia
783 3054 859 3112 quae
886 3056 905 3095 a
932 3037 1024 3096 verbe
1048 3035 1164 3095 dicendi
1187 3039 1240 3094 aut
1262 3037 1388 3111 putandi

210 3136 368 3212 pendeant.
406 3135 540 3204 Quorum
563 3136 659 3193 multa
683 3135 727 3192 ita
750 3139 923 3209 comparata
946 3139 1016 3194 sunt
1038 3138 1073 3193 ut
1091 3128 1130 3194 dv
1148 3133 1305 3209 infinitivo,
1327 3134 1386 3193 nisi

210 3237 237 3294 is
260 3235 356 3292 futuri
379 3233 523 3308 temporis
548 3234 595 3305 sit,
619 3233 754 3291 additum
778 3251 843 3292 esse
867 3237 1011 3309 oporteat.
1049 3235 1094 3292 Ac
1116 3233 1246 3307 primum
1268 3234 1387 3310 quidem

211 3332 389 3392 monendum
417 3334 464 3389 est
492 3324 530 3388 tv
557 3330 589 3387 in
618 3330 781 3390 enuntiatis
814 3332 933 3391 aliunde
966 3331 1165 3408 pendentibus
1198 3333 1293 3390 locum
1328 3352 1386 3390 non

210 3432 329 3505 habere,
352 3429 411 3487 nisi
434 3430 472 3486 ad
492 3428 585 3488 verba
604 3427 721 3486 dicendi
739 3429 866 3504 putandi
885 3431 1032 3489 sentiendi
1053 3432 1232 3507 pertineant,
1255 3429 1385 3488 alienum

210 3547 276 3586 esse
300 3526 338 3585 ab
361 3527 397 3585 iis
421 3545 498 3601 quae
520 3525 602 3584 aliud
620 3526 746 3584 verbum
765 3531 937 3602 sequantur.
975 3528 1129 3589 Sentiendi
1151 3532 1253 3587 autem
1275 3529 1385 3604 verbis,

209 3626 267 3683 nisi
297 3644 364 3683 cum
392 3617 436 3682 ὅτι
462 3623 511 3682 vel
540 3614 580 3693 ὡς
601 3623 786 3698 iunguntur,
820 3625 1024 3704 participium,
1056 3627 1182 3702 putandi
1211 3629 1241 3684 et
1271 3625 1387 3684 dicendi

209 3723 309 3782 verbis
342 3721 507 3803 infinitivus
540 3723 628 3795 aptus
662 3725 715 3779 est.
771 3719 926 3782 Eiusmodi
958 3725 1127 3802 enuntiata,
1160 3725 1186 3783 si
1223 3725 1386 3784 condicioni

210 3821 344 3879 subiecta
367 3823 437 3878 sunt
460 3837 536 3896 quae
559 3819 639 3878 nudo
662 3820 797 3894 optativo
821 3824 1007 3898 enuntiatur,
1036 3816 1075 3881 ἅν
1097 3823 1246 3899 particula
1268 3824 1299 3881 in
1321 3823 1384 3880 infi-

209 3918 312 3978 nitivis
340 3918 506 3993 praesentis
534 3922 565 3976 et
593 3917 698 3975 aoristi
725 3937 826 3976 carere
852 3921 1027 3996 plerumque
1057 3940 1116 3982 non
1138 3937 1225 3997 posse
1249 3919 1385 3993 exempla

208 4017 324 4074 docent.
362 4013 437 4072 sunt
463 4017 563 4072 autem
587 4014 673 4072 haee:
697 4014 713 4072 I
739 4018 788 4093 10,
814 4021 832 4076 2
857 4017 1106 4095 Λακεδαιμονίων
1128 4008 1186 4095 γὰρ
1209 4014 1236 4074 εἰ
1257 4008 1276 4092 ἡ
1300 4009 1384 4086 πόλις

208 4112 391 4191 ἐρημωθείη,
419 4111 556 4189 λειφθείη
584 4107 617 4170 δὲ
643 4105 680 4170 τά
706 4134 735 4172 τε
763 4107 827 4192 ἱερὰ
854 4111 905 4172 καὶ
931 4116 996 4192 τῆςΙ
1011 4115 1191 4190 κατασκευῆς
1213 4106 1248 4171 cd
1272 4104 1383 4190 ἐδάφη,

208 4205 319 4287 πολλὴν
347 4203 386 4269 dv
416 4202 496 4287 οἶμαι
525 4203 662 4268 ἀπιστίαν
688 4213 740 4288 τῆς
766 4202 919 4290 δυνάμεως
944 4259 977 4272 ..
1000 4204 1091 4287 εἶναι,
1119 4214 1171 4285 57,
1195 4214 1214 4271 5
1244 4211 1387 4289 ocultum

209 4309 235 4367 εἰ
257 4304 393 4387 ξύμμαχα
414 4310 505 4367 ταῦτα
528 4305 588 4386 ἔχοι
613 4351 663 4383 ..,
693 4307 767 4393 ῥᾷον
794 4303 833 4368 dv
858 4304 910 4370 τὸν
934 4304 1064 4388 πόλεμον
1086 4299 1147 4388 μετ’
1174 4301 1273 4369 αὐτῶν
1295 4314 1385 4370 ποιεῖ-

208 4412 294 4480 σθαι,
325 4408 397 4481 136,
421 4409 440 4463 4
469 4403 583 4465 ἐκεῖνον
611 4398 638 4462 δ’
664 4400 717 4481 dv,
746 4407 774 4466 εἰ
795 4406 896 4486 &adole
920 4402 1023 4485 αὐτόν,
1046 4453 1079 4470 ..
1104 4409 1249 4488 σωτηρίας
1272 4401 1311 4468 dv
1332 4410 1383 4484 τῆς
