3060 5092
654 288 867 352 „28-

175 453 205 510 in
234 452 326 512 Thuo.
355 445 429 533 (ind.
458 456 525 514 lect.
553 454 677 514 Vratisl.
706 474 732 512 a.
764 446 918 532 1876ί77)
947 474 974 529 p.
1004 456 1037 529 3,
1069 456 1174 528 postea
1202 454 1233 511 in
1261 452 1350 511 Anal.

176 552 240 610 crit.
264 554 296 609 et
318 572 411 626 gram.
441 545 514 634 (ind.
539 556 604 614 lect.
629 553 753 612 Vratisl.
777 569 802 609 a.
829 543 983 632 1877s78)
1012 573 1040 627 p.
1067 555 1102 609 11
1117 570 1193 628 sqq.,
1221 551 1352 609 maxime

176 653 353 724 commotus,
384 655 417 710 ut
445 651 577 728 videtur,
606 649 696 708 simili
725 647 804 725 quod
832 649 867 707 ei‘
882 648 1014 709 innotuit
1037 649 1170 724 exemplo
1194 648 1352 708 Platonico

177 747 253 807 Phil.
286 749 363 807 58b
397 742 433 809 od
464 797 470 810 .
503 797 508 808 .
541 795 547 808 .
579 751 663 809 τοῦτο
696 744 785 826 έγωγε
817 739 939 822 ἐζήτουν
970 767 1032 821 πω,
1066 744 1108 818 τίς
1139 742 1223 825 τέχνη
1254 738 1274 823 η’
1307 746 1352 819 τίς

175 838 316 922 ἐπιστήμη
339 849 442 905 πασῶν
466 843 599 926 διαφέρει
621 849 660 930 τῷ
693 843 811 923 μεγίστη
843 841 892 902 καλ
923 837 1024 922 άρίστη
1053 841 1102 903 καὶ
1130 845 1247 905 πλείστα
1270 839 1351 923 ὠφε-

175 945 266 1002 λοῦσα
293 936 385 1021 ἡμᾶς,
423 945 602 1004 sententiam
631 943 816 1019 aliquantum
846 943 987 1019 mutavit,
1020 943 1224 1018 Thucydidem
1252 944 1350 1003 tribus

175 1041 247 1099 locis
266 1042 310 1099 IV
330 1044 380 1121 63,
403 1046 430 1101 1.
455 1043 497 1101 VI
520 1046 545 1117 1,
566 1045 594 1102 2.
621 1041 696 1100 VIII
717 1042 789 1114 105,
810 1043 828 1098 2
854 1060 871 1099 a
894 1041 1031 1116 legitima
1055 1042 1169 1100 dloendi
1193 1045 1351 1101 consuetu-

175 1137 243 1198 dine
267 1140 427 1200 descivisse
451 1141 508 1198 sibi
531 1139 727 1216 persuadens3
759 1138 810 1219 sed
833 1138 863 1195 id
887 1138 986 1198 missis
1013 1139 1231 1215 interpretandi
1256 1141 1352 1198 artifi-

176 1236 227 1294 ciis
251 1237 294 1295 ita
317 1236 375 1296 sibi
397 1237 544 1312 explicare
564 1235 646 1296 visus
666 1239 775 1313 estut,
799 1235 939 1312 quoniam
958 1237 1118 1312 participia
1136 1257 1203 1296 cum
1222 1238 1351 1298 articulo

174 1328 208 1393 τό
231 1336 390 1396 coniuncta
414 1356 466 1411 pro
491 1335 689 1396 substantivis
713 1333 884 1395 verbalibus
906 1333 1027 1394 Graccis
1050 1335 1188 1403 fuissent,
1212 1336 1295 1395 velut
1317 1330 1351 1396 τὸ

176 1428 229 1510 μὲν
257 1425 355 1505 δεδιὸς
383 1477 390 1492 .
414 1481 421 1493 .
446 1481 452 1493 .
482 1427 513 1493 τὸ
543 1429 575 1493 δέ
602 1435 739 1512 θαρσοῦν
766 1432 781 1489 Ι
811 1434 861 1506 36,
892 1435 920 1505 1,
947 1425 978 1492 τὸ
1008 1429 1149 1509 μέλλονΙ
1179 1435 1229 1507 84,
1260 1437 1286 1506 1,
1316 1424 1350 1493 τὸ

175 1524 358 1609 βουλόμενον
384 1532 399 1589 Ι
430 1535 480 1607 90,
510 1536 538 1607 2,
567 1534 606 1615 τῷ
631 1527 784 1611 τιμωμένῳ
812 1529 842 1586 ΙΙ
872 1532 923 1607 63,
954 1533 981 1602 1,
1013 1551 1044 1589 το
1077 1523 1116 1607 μὴ
1145 1524 1217 1589 κατὰ
1244 1526 1352 1608 κράτος

175 1626 301 1707 νικηθέν
324 1630 354 1687 II
379 1633 429 1705 87,
454 1633 472 1688 3
504 1648 638 1705 quaeque
666 1631 737 1687 sunt
765 1628 888 1705 similia,
916 1628 954 1686 ab
978 1628 1024 1686 his
1049 1629 1191 1703 exemplis
1214 1631 1267 1688 illa
1290 1650 1352 1690 non

176 1726 295 1784 differre
310 1727 422 1786 diceret
437 1727 496 1786 nisi
515 1728 594 1803 quod
612 1724 770 1802 participia
788 1726 919 1784 neutrali
938 1726 1033 1784 forma
1052 1729 1141 1785 exuta
1160 1729 1351 1790 attractionis

175 1826 303 1901 quodam
336 1844 446 1902 genere
478 1825 735 1884 substantivorum
768 1843 892 1884 suorum
924 1843 1019 1900 genus
1058 1844 1215 1885 numerum
1248 1847 1349 1887 casum

175 1926 380 2000 sequerentur.
437 1922 552 1982 Similia
585 1923 624 1981 ad
656 1924 732 1981 hano
765 1925 948 1982 structuram
980 1921 1025 1979 IV
1058 1925 1107 1995 63,
1135 1927 1161 1981 1.
1202 1924 1228 1981 V
1260 1929 1286 1999 7,
1321 1930 1350 1984 2.

176 2021 249 2080 VIII
275 2024 347 2095 105,
368 2025 386 2080 2
412 2022 628 2080 defendendam
652 2021 885 2081 comminiscitur
909 2020 1068 2080 Classenus
1092 2020 1123 2079 in
1146 2023 1165 2079 l.
1188 2022 1231 2079 IV
1254 2023 1298 2084 ed.
1318 2025 1351 2082 II

175 2140 204 2194 p.
230 2122 292 2179 228
305 2139 367 2195 sqq.
404 2119 461 2178 Sed
486 2119 559 2178 alibi
583 2121 632 2178 ubi
657 2121 731 2179 talia
753 2120 912 2196 participia
935 2139 1001 2178 cum
1026 2120 1224 2181 substantivis
1246 2121 1351 2182 iuncta

176 2218 367 2295 Thucydides
395 2219 487 2277 habet
510 2220 735 2295 grammaticam
764 2219 910 2277 rationem
940 2236 1062 2277 servans
1092 2221 1145 2277 aut
1174 2237 1233 2278 non
1265 2222 1350 2294 ponit

176 2315 333 2373 articulum
363 2317 417 2373 aut
443 2315 557 2389 pariter
585 2319 675 2394 atque
703 2316 893 2392 participium
922 2316 960 2373 ad
990 2316 1211 2376 substantivum
1235 2336 1347 2377 accom-
1374 2310 1384 2329 ⁸

176 2413 286 2470 modat.
333 2411 376 2471 of.
407 2413 485 2471 enim
513 2416 633 2488 praeter
656 2415 686 2471 II
710 2416 761 2488 49,
786 2416 805 2471 4
834 2406 902 2489 μετὰ
931 2415 1019 2472 ταῦτα
1047 2407 1225 2491 λωφήσαντα
1254 2419 1283 2475 et
1306 2415 1350 2475 Vl

177 2513 206 2586 3,
227 2514 245 2569 3
271 2503 340 2587 μετά
359 2504 555 2587 Συρακούσας
579 2509 758 2584 οίκισθείσας
776 2512 791 2568 Ι
811 2515 862 2587 23,
885 2514 903 2570 6
928 2505 996 2583 τοὺς
1016 2505 1198 2589 Ἀθηναίους
1221 2506 1350 2592 ἡγοῦμαι

178 2602 321 2688 μεγάλους
353 2605 545 2688 γιγνομένους
576 2606 626 2667 καὶ
663 2603 760 2688 φόβον
797 2606 974 2689 παρέχοντας
1011 2615 1070 2681 τοῖς
1101 2610 1350 2686 Λακεδαιμονίοις

176 2697 341 2786 ἀναγκάσαι
370 2704 399 2778 ἐς
426 2699 457 2766 τὸ
481 2709 631 2784 πολεμεῖν,
660 2709 704 2765 III
730 2711 780 2782 36,
805 2712 822 2767 2
847 2702 1096 2787 προσξυνεβάλετο
1120 2702 1175 2768 οὐκ
1199 2704 1349 2788 ἐλάχιστον

176 2807 226 2882 τῆς
250 2798 341 2883 &vvis
361 2804 394 2862 αί
410 2804 661 2881 Πελοποννησίων
684 2808 752 2883 νῆες
776 2804 805 2878 ές
830 2805 940 2865 Ιωνίαν
964 2803 1085 2879 ἐκείνοις
1108 2805 1218 2885 βοηθοὶ
1241 2799 1348 2885 τολμή-

176 2919 262 2961 σασαι
284 2897 573 2981 παρακινδυνεῦσαι,
602 2905 653 2977 53,
678 2907 696 2963 3
722 2896 737 2964 δ
766 2899 806 2983 μὴ
835 2901 938 2985 ῥηθείς
960 2898 1046 2984 λόγος
1068 2908 1129 2976 τοῖς
1152 2894 1205 2965 ὧδ’
1231 2904 1348 2984 έχουσιν

176 3001 271 3060 αἰτίαν
294 2994 333 3059 δν
355 2995 511 3079 παράσχοι,
534 3001 578 3058 IV
600 3005 650 3078 26,
671 3003 689 3061 5
714 3001 807 3063 αἴτιον
832 2999 863 3062 δέ
888 2991 927 3081 ἦν
950 3001 980 3062 οἱ
991 2997 1230 3081 ’Λακεδαιμόνιοι
1252 3026 1349 3082 προει-

175 3093 289 3175 πόντες,
314 3102 364 3175 29,
388 3101 406 3158 3
431 3093 534 3178 ῥώμην
556 3096 605 3157 καί
628 3093 647 3178 ἡ
671 3103 761 3178 νῆσος
784 3099 986 3181 έμπρησθεῖσα
1008 3097 1141 3181 παρέσχε,
1163 3099 1216 3177 47,
1237 3107 1254 3161 2
1279 3097 1348 3176 τοὺς

175 3192 287 3278 ίίνδρας
315 3243 321 3256 .
347 3243 353 3255 .
378 3242 384 3255 .
412 3189 464 3256 ὑπ’
494 3190 591 3255 ἄλλων
623 3194 817 3276 κομισθέντας
846 3246 852 3258 .
877 3245 883 3256 .
908 3246 914 3258 .
947 3192 1000 3277 τὴν
1032 3191 1118 3276 τιμὴν
1149 3204 1211 3272 τοῖς
1242 3195 1348 3280 άγουσι

175 3298 387 3374 προσποιησαι,
421 3295 464 3352 VI
493 3296 544 3369 80,
574 3297 592 3352 2
626 3294 653 3354 εί
677 3290 733 3374 γάρ
762 3289 801 3354 δι’
831 3289 907 3374 ὑμᾶς
935 3289 974 3375 μίχ
1004 3290 1247 3374 ξυμμαχήσαντας
1276 3292 1293 3359 δ’
1318 3322 1348 3359 τε

175 3385 286 3451 παθών
318 3386 496 3470 σφαλησεται
528 3389 576 3451 καλ
607 3384 623 3452 δ
651 3394 765 3471 κρατῶν
793 3391 952 3474 περιέσται,
984 3394 1060 3452 VIII
1089 3398 1117 3471 9,
1146 3398 1164 3454 3
1194 3395 1287 3457 αἴτιον
1315 3392 1345 3455 δ’

175 3487 286 3568 ἐγένετο
310 3536 317 3549 .
341 3535 347 3548 .
373 3535 380 3550 .
409 3491 440 3550 ολ
465 3487 518 3568 μέν
545 3488 648 3551 πολλοὶ
675 3493 733 3550 τῶν
762 3492 845 3553 Χίων
873 3487 928 3554 οὐκ
955 3488 1061 3564 εἰδότες
1089 3486 1123 3551 τὰ
1150 3488 1348 3572 πρασσόμενα,

176 3589 337 3647 secundum
370 3608 496 3665 quorum
530 3590 732 3666 exemplorum
765 3591 989 3649 similitudinem
1019 3591 1062 3648 IV
1092 3594 1147 3665 63,
1183 3595 1198 3649 1
1235 3587 1283 3651 διὰ
1315 3587 1346 3654 vt

176 3680 352 3766 ἀτέκμαρτον
381 3683 446 3760 δέος
473 3685 522 3747 καί
551 3681 600 3747 διδι
630 3682 699 3759 τοδς
722 3680 904 3765 Ἀθηναίους
931 3682 990 3765 ἤδη
1023 3681 1170 3766 φοβεροὺς
1201 3683 1348 3767 παρόντας

176 3786 306 3844 scribere
329 3787 451 3863 licebat,
476 3807 542 3846 cum
566 3785 592 3842 V
618 3791 645 3863 7,
670 3788 698 3844 2.
729 3786 804 3844 VIII
830 3788 901 3860 105,
926 3791 943 3845 2
970 3779 1018 3845 διδ
1042 3781 1073 3847 τό
1096 3788 1134 3845 ad
1157 3788 1347 3863 participium

176 3884 294 3942 causale
322 3883 458 3942 additum
484 3904 606 3960 prorsus
635 3904 890 3961 supervacaneum
916 3887 996 3943 esset
1019 3888 1050 3944 et
1073 3888 1176 3944 contra
1199 3885 1347 3961 reliquum

176 3983 239 4042 eius
262 3981 414 4058 participii
437 4001 532 4041 usum.
579 3983 635 4042 Sed
659 3985 730 4042 licet
753 4002 770 4041 a
793 3986 936 4044 consueta
958 3983 1074 4040 dicendi
1103 4002 1208 4041 norma
1230 3984 1273 4042 ita
1297 3985 1345 4042 de·

175 4080 262 4139 ficere
285 4081 382 4156 ipsum
406 4099 467 4139 non
490 4081 620 4139 alienum
644 4082 735 4141 fuerit
758 4101 776 4140 a
799 4081 905 4140 Graeci
928 4079 1073 4140 sermonis
1102 4080 1213 4155 indole,
1241 4085 1276 4140 ut
1300 4085 1347 4141 via

175 4195 209 4235 ac
240 4178 356 4237 rationo
388 4178 580 4252 procedatur,
614 4178 788 4253 priusquam
819 4179 944 4238 alicuius
980 4179 1167 4238 enormitatis
1200 4182 1345 4241 rationem

174 4273 365 4352 indagemus,
393 4280 482 4335 antea
509 4276 668 4335 videndum
697 4279 743 4335 est
770 4279 870 4335 ut1um
900 4278 971 4336 haec
999 4296 1105 4335 revera
1134 4279 1283 4336 exstIterit
1309 4298 1347 4336 an

176 4392 252 4450 quae
275 4375 339 4432 eius
363 4377 499 4451 exempla
523 4394 588 4434 csse
611 4374 751 4434 videntur
774 4375 812 4433 ad
836 4393 1022 4434 communem
1050 4370 1167 4434 dicendi
1191 4379 1346 4434 consuetu-
