3104 5078
667 280 884 343 ..64-

188 451 303 522 θοῖντο,
328 446 546 521 ξυνεπιθοῖντο,
569 449 716 522 προοῖντο,
739 446 893 522 προθοῖτο,
917 446 974 504 nisi
993 446 1071 522 qnod
1090 447 1199 506 tertiae
1216 465 1372 522 personae

191 545 301 618 partim
321 545 397 604 falso
420 536 703 622 προπαροξύνονται,
727 543 805 618 quod
829 541 907 601 idem
931 563 1089 619 perperam
1112 544 1143 602 in
1167 545 1370 606 coniunctivis

188 639 360 718 ἐπιθῶνται,
384 640 532 720 ἐπιθῆται,
559 640 737 715 ξυνθύνται,
760 643 904 718 προῆσθε,
926 644 1102 720 προσθῆσθε
1124 641 1190 700 fieri
1212 641 1329 703 Herod.
1355 642 1372 702 I

189 739 296 811 462,1
316 743 475 815 praecepto
495 737 693 814 cognoscitur.
732 738 921 798 Acristorum
941 737 1037 817 ἔθηκα
1057 743 1086 799 et
1104 737 1201 798 ἔδωκα
1220 738 1251 796 in
1265 740 1371 800 titulis

188 835 297 894 Atticis
312 838 382 895 ante
397 856 422 895 a.
434 839 497 897 376
510 857 536 896 a.
551 835 603 895 Oh.
620 835 781 910 singularis
796 839 914 895 tantum
928 838 1018 897 activi
1035 839 1133 897 exstat
1148 831 1198 917 (of.
1209 836 1369 898 Meisterh.

187 930 278 1006 §42
299 924 333 1013 3)
357 953 453 1010 neque
477 935 565 992 aliter
588 934 619 991 hi
643 938 673 992 et
697 951 757 991 eor.
780 922 839 1011 ἦκα
862 936 894 994 in
913 935 1052 1009 Aeschyli
1073 938 1105 995 ei
1124 935 1279 1011 Sophoclis
1303 939 1370 995 tra-

187 1031 302 1106 goediis
325 1032 476 1109 leguntur.
518 1032 736 1106 Aristophanes
760 1051 876 1108 quoque
900 1034 1022 1108 reliquis
1046 1033 1150 1092 formis
1179 1033 1369 1094 abstinuisse

187 1128 319 1205 videtur,
347 1149 414 1188 oum
443 1131 516 1188 Ach.
548 1131 608 1188 101
640 1123 791 1199 ξυνείκαθ’
819 1150 874 1205 pro
903 1124 1051 1208 ξυνήκαθ’
1074 1149 1185 1207 ponere
1214 1131 1305 1190 liceat
1336 1137 1370 1191 et

187 1227 265 1300 quod
293 1227 323 1284 in
351 1229 524 1303 anapaestis
549 1227 629 1285 Nub.
655 1228 717 1285 908
746 1228 859 1303 legitur
886 1225 1107 1306 ἐντειναμένους
1133 1221 1188 1305 τὴν
1215 1221 1369 1306 ἀρμονύαν

185 1316 225 1401 ἣν
257 1323 289 1384 οῖ
318 1322 438 1403 πατέρες
469 1322 645 1403 παρέδωκαν
678 1342 736 1381 non
770 1325 866 1383 solum
899 1326 955 1384 hac
987 1327 1054 1401 ipsa
1080 1345 1113 1384 re
1141 1327 1369 1404 excusationem

187 1422 306 1498 habeat,
330 1424 382 1481 sed
406 1424 498 1483 etiam
522 1442 556 1482 eo
579 1423 659 1497 quod
682 1422 733 1479 ille
757 1423 881 1480 carmini
905 1423 1008 1500 lyrico,
1030 1425 1160 1483 sortasse
1184 1424 1235 1482 uni
1258 1443 1367 1482 eorum

188 1539 264 1595 quae
287 1522 420 1596 proximo
444 1540 536 1580 versu
559 1520 744 1595 memoravit,
768 1521 903 1580 alludere
926 1522 1054 1581 videtur.
1100 1522 1204 1598 Neque
1226 1522 1258 1580 in
1282 1522 1367 1598 frag-

188 1618 296 1676 mentis
319 1622 476 1694 poe'tarum
499 1618 610 1677 veteris
635 1618 803 1677 comoediae
827 1619 923 1677 ullum
951 1619 1097 1679 eiusmodi
1120 1620 1289 1696 exemplum
1314 1640 1364 1679 ex-

115 1746 118 1751 ·
186 1717 256 1773 stat.
304 1714 466 1791 Complura
489 1716 569 1791 apud
592 1715 767 1789 Euripidem
792 1718 874 1794 sunt,
902 1717 946 1775 ita
969 1721 1004 1776 ut
1026 1719 1074 1777 hic
1095 1718 1171 1776 talia
1192 1718 1308 1793 primus
1332 1719 1366 1776 in

187 1831 352 1871 sermonem
376 1816 475 1891 poesis
499 1814 651 1873 scaenicae
679 1814 827 1888 recepisse
855 1814 1001 1874 videatur.
1048 1814 1093 1874 Cf.
1115 1808 1233 1892 ἀνῆκαν
1255 1815 1366 1874 Bacch.

188 1911 262 1985 458,
290 1914 428 1989 καθῆκαν
456 1912 520 1973 Ion.
546 1914 640 1985 1200,
669 1909 784 1988 ἐθηκαν
807 1911 894 1970 Herc.
920 1914 993 1972 590.
1027 1912 1097 1971 Hec.
1124 1913 1218 1971 1156.
1250 1911 1365 1972 Phoen.

187 2010 238 2067 30.
272 2007 323 2068 Or.
354 2012 447 2070 1166.
480 2013 578 2086 1641,
607 2001 759 2087 ἐδώκαμεν
787 2008 866 2085 Oyol.
898 2012 974 2087 296,
1002 2004 1218 2089 προυδύκαμεν
1246 2009 1365 2069 Heracl.

186 2107 261 2181 463,
284 2103 431 2178 ἐξέδωκαν
453 2108 571 2168 Heracl.
597 2111 670 2182 319,
697 2104 874 2186 παρέδωκαν
897 2108 975 2166 Med.
1000 2110 1072 2184 629,
1096 2098 1293 2187 προσηκάμην
1316 2102 1364 2173 ΕΙ,

187 2206 259 2263 622.
292 2205 393 2264 Etiam
413 2207 466 2266 Th.
488 2207 687 2282 antiquiorem
709 2226 798 2264 usum
820 2205 940 2265 videtur
964 2210 1084 2265 secutus
1108 2225 1181 2278 esse,
1206 2225 1271 2265 oum
1296 2223 1365 2264 con-

186 2303 302 2360 stanter
330 2305 409 2379 apud
438 2325 506 2364 eum
536 2302 644 2363 ἔθεσαν
672 2308 703 2362 et
730 2302 853 2380 ἔδοσαν,
888 2307 918 2362 et
946 2304 1093 2380 simplicia
1125 2307 1157 2363 et
1188 2303 1364 2380 composita,

187 2400 341 2476 legantur,
369 2403 427 2461 nisi
456 2403 535 2478 quod
561 2403 585 2458 V
611 2406 662 2479 32,
687 2405 703 2459 1
729 2402 770 2460 Μ.
797 2398 912 2458 ἐδοικαν
939 2420 1004 2477 pro.
1018 2398 1125 2460 ἔδοσαν
1149 2401 1254 2473 habet,
1282 2402 1363 2475 quod

186 2497 249 2555 sine
282 2497 373 2556 dubio
408 2499 533 2559 librario
567 2499 694 2558 debetur
725 2498 922 2557 recentiorem
952 2500 1080 2557 formam
1111 2518 1165 2575 pro
1194 2499 1362 2574 antiquiore

185 2595 389 2656 substituenti.
431 2597 537 2674 Itaque
560 2618 598 2657 ne
621 2600 760 2675 παρῆκαν
783 2596 903 2671 quidem
925 2595 968 2653 IV
988 2599 1076 2675 38,1
1103 2598 1133 2655 et
1156 2589 1278 2674 ἀφῆκαν
1304 2596 1363 2654 VH

187 2696 281 2773 19,·4
311 2695 391 2770 apud
415 2716 483 2754 eum
507 2697 626 2756 videtur
650 2695 838 2754 tolerandum
861 2713 940 2771 esse,
968 2696 1146 2770 praesertim
1170 2714 1238 2754 cum
1260 2695 1362 2770 priore

184 2792 248 2851 loco
279 2791 361 2852 codd.
390 2795 539 2869 scriptura
571 2793 695 2853 fluctuet
726 2785 876 2874 (παρῆκον
904 2793 972 2852 Vct.
1001 2794 1077 2868 Pal,
1111 2798 1252 2872 παρεῖκον
1285 2811 1360 2852 corr.

186 2890 224 2948 lt.
247 2890 339 2967 Aug.,
367 2898 511 2971 παρεῖκαν
533 2893 562 2950 b.
585 2883 651 2972 λλ),
680 2893 732 2951 scd
756 2891 978 2950 rescribendum
1002 2896 1146 2970 παρεῖσαν
1169 2895 1200 2950 et
1223 2884 1361 2967 ἀφεῖσαν,

185 2989 299 3062 pariter
327 2994 417 3067 atque
445 2990 567 3067 reliquis
595 2990 668 3050 locis
697 2983 819 3049 ἀνεῖσαν
847 2989 874 3046 V
902 2992 954 3063 32,
982 2993 1012 3064 4,
1042 2984 1170 3068 ἀφεῖσαν
1198 2990 1226 3046 V
1254 2991 1305 3061 81,
1331 2993 1360 3048 1.

187 3085 244 3142 VII
269 3088 319 3162 53,
342 3091 361 3153 4
386 3089 532 3148 traditum
556 3092 611 3148 est.
649 3089 778 3148 Perfeeti
801 3090 832 3146 et
854 3089 1139 3163 plusquamperfecti
1162 3087 1253 3147 activi
1275 3085 1361 3147 verbi

184 3181 280 3261 ἴστημι
312 3186 462 3263 longiores
494 3187 606 3246 formas
639 3191 758 3262 praeter
790 3187 943 3247 breviores
976 3187 1007 3244 in
1039 3207 1096 3246 usu
1127 3188 1222 3247 fuisse
1252 3189 1284 3246 et
1314 3186 1359 3244 in-

184 3283 360 3358 scriptiones
390 3279 558 3366 (Meisterh.
586 3286 605 3358 q*
632 3289 684 3364 42,
713 3276 779 3365 4ο)
808 3289 840 3343 et
871 3290 1027 3361 poetarum
1056 3286 1258 3346 scaenicorum
1287 3303 1360 3343 usus

184 3371 234 3458 (cf.
259 3380 348 3457 Soph.
372 3382 420 3441 Αἰ.
445 3384 538 3442 1074.
562 3384 633 3441 Eur.
658 3382 738 3460 Cycl.
760 3386 833 3443 681.
857 3383 1018 3443 Ηο1.438.
1041 3383 1149 3460 fragm.
1170 3385 1242 3443 994.
1265 3381 1360 3441 Arist.

184 3479 240 3536 Av.
262 3471 341 3557 554)
360 3481 563 3553 comprobant.
601 3479 685 3550 Quod
704 3481 742 3540 ad
762 3481 895 3540 eiusdem
918 3481 1003 3541 verbi
1025 3481 1217 3557 participium
1241 3480 1359 3557 attinet,

185 3573 233 3631 ΙΙΙ
258 3577 322 3649 9,1
349 3569 381 3634 τὸ
405 3571 555 3647 καθεστώς
578 3581 609 3635 et
632 3578 674 3635 IV
701 3580 751 3656 10,
777 3583 791 3636 1
817 3572 849 3639 τὸ
873 3573 1028 3657 περιεστύς
1051 3574 1092 3658 (v.
1116 3579 1135 3637 l.
1159 3570 1191 3639 τὸ
1215 3571 1360 3649 καθεστὸς

184 3677 214 3730 et
242 3664 275 3731 τὸ
307 3666 467 3753 περιεστὸς)
499 3674 690 3732 scribendum
722 3695 787 3736 esse
820 3679 851 3736 et
884 3698 918 3738 eo
950 3682 1076 3754 apparet
1108 3679 1187 3754 quod
1216 3678 1358 3735 neutrum

183 3764 272 3841 ἕστούς
303 3789 338 3829 ex
371 3764 471 3842 ἕσταύς
503 3772 616 3830 factum
649 3778 695 3833 est
722 3778 765 3850 at,
798 3779 833 3834 ut
860 3777 961 3836 docuit
988 3776 1171 3835 Riemannus
1201 3769 1292 3854 (Bull.
1321 3774 1358 3832 de

183 3886 310 3943 corresp.
334 3869 451 3928 Hellen.
474 3870 521 3928 Ill
539 3891 567 3946 p.
587 3864 727 3953 441εη.),
750 3875 1014 3950 grammaticorum
1037 3873 1217 3933 testimoniis
1242 3863 1357 3952 (Etym.

184 3986 283 4044 magn.
307 3969 380 4040 224,
405 3970 432 4024 9.
480 3966 614 4031 Grameri
636 3971 747 4032 Aneod.
771 3971 802 4029 ΙΙ
824 3993 852 4048 p.
878 3976 950 4032 111.
977 3964 1053 4053 152)
1078 3972 1279 4031 confirmatur.
1321 3970 1357 4029 In

184 4064 382 4139 suspicionem
409 4085 468 4125 non
496 4067 635 4127 videntur
663 4070 796 4129 vocanda
822 4090 888 4130 esse
912 4064 1094 4130 ἀπολλύουσι
1117 4091 1170 4146 pro
1193 4062 1357 4131 ἀπολλύασι

184 4160 226 4218 IV
252 4164 302 4239 25,
327 4165 345 4221 5
370 4167 401 4222 et
425 4158 546 4241 ιύμνυον
567 4186 621 4241 pro
646 4161 788 4244 ὤμνυσαν
811 4168 838 4224 V
865 4172 914 4244 19,
939 4172 967 4228 2.
993 4170 1043 4242 24,
1071 4175 1097 4242 l,
1120 4169 1190 4245 quia
1213 4169 1244 4226 in
1263 4167 1355 4227 Arist.

184 4260 262 4319 Plut.
293 4264 355 4321 719
384 4258 657 4342 συμπαραμιγνύων
684 4268 780 4324 metro
809 4266 986 4325 defenditur.
1039 4267 1082 4324 De
1112 4265 1356 4343 inscriptionibus

184 4359 308 4417 dubium
331 4360 451 4436 quidem
474 4366 522 4420 est
543 4361 807 4438 nemorales,
830 4369 867 4424 11
894 4359 1172 4443 <ἀμ>φιεννύουσιν
1195 4385 1233 4424 an
1257 4358 1355 4444 (ἀμ)-
