3104 5078
664 359 882 421 ..20-

188 527 356 602 applicatur
373 526 432 585 nisi
451 525 490 584 ad
507 522 599 585 verba'
622 523 747 599 putandi
765 526 818 580 aut
836 521 962 581 dicendi.
1000 519 1085 590 Quod
1103 521 1182 579 enim
1202 520 1229 577 V
1246 521 1318 595 105,
1338 521 1356 578 3

189 625 351 702 φοβεῖσθαι
366 642 432 682 cum
448 623 594 682 infinitivo
605 621 702 679 futuri
712 621 857 695 iungitur,
870 619 902 676 in
913 620 1020 678 timore
1031 617 1202 693 suspicandi
1211 619 1362 677 sententia

188 723 264 780 latet
288 714 339 802 (of.
358 722 444 782 Hom.
465 720 518 780 Od.
537 720 624 778 XXII
643 721 694 777 40.
718 719 789 777 Eur.
812 717 875 777 Ion.
897 711 1005 796 1564).
1038 717 1143 792 Neque
1167 717 1227 774 alia
1244 716 1361 776 ratione

188 821 268 877 idern
290 819 455 880 infinitivus
478 818 526 876 ΙΙΙ
550 821 602 894 26,
626 819 646 875 4
670 816 795 877 verbum
818 811 966 892 ἐπιμένειν
986 816 1129 891 sequitur,
1154 815 1293 890 quoniam
1313 833 1362 871 ex-

189 917 334 991 spectatio
358 916 565 976 eonfidentiam
588 906 721 995 habat.¹)

746 1093 802 1162 111.

278 1219 337 1277 Diu
357 1221 545 1295 multumque
565 1238 583 1276 a
600 1219 674 1279 viris
694 1217 787 1276 doctis
811 1216 1011 1292 disceptatum
1034 1219 1081 1275 est
1102 1236 1173 1273 num
1196 1209 1235 1274 ίίν
1257 1215 1361 1274 futuro

188 1317 313 1393 adiungi
330 1321 441 1392 posset.
478 1318 510 1376 Si
533 1337 568 1376 ea
590 1317 640 1378 via
663 1336 752 1393 quam
776 1334 867 1390 supra
888 1314 920 1372 in
942 1316 998 1374 hoo
1021 1314 1230 1390 quaestionum
1252 1332 1362 1390 genere

189 1415 371 1491 sequendam
400 1435 466 1475 esse
494 1415 741 1493 significavimus,
769 1416 804 1471 ut
830 1414 868 1471 ad
896 1413 1055 1472 veritatem
1082 1411 1233 1486 perveniri
1257 1412 1362 1485 possit,

188 1513 388 1572 insistendum
412 1517 467 1590 est,
490 1517 591 1573 actum
614 1513 672 1572 erit
696 1512 731 1569 de
755 1529 858 1569 eorum
877 1511 1027 1570 sententia
1045 1511 1096 1586 qui
1114 1509 1189 1567 illud
1207 1528 1226 1566 a
1245 1508 1363 1586 Thucy-

188 1610 257 1669 dide
284 1612 395 1670 factum
426 1630 492 1670 esse
520 1611 689 1670 affirmant·
731 1608 837 1686 Neque
865 1608 943 1666 enim
975 1609 1045 1667 inde
1071 1602 1299 1682 proficiscuntur
1326 1611 1363 1665 ut

188 1708 334 1767 librorum
362 1710 522 1769 memoriae
549 1709 639 1767 fidem
663 1705 832 1766 habendam
855 1723 921 1764 esse
945 1725 981 1764 ex
1003 1707 1143 1766 universo
1167 1724 1270 1764 eorum
1294 1724 1361 1763 con-

188 1824 277 1864 sensu
299 1805 492 1882 ipsorumque
514 1808 648 1864 locorum
670 1807 780 1862 natura
802 1805 990 1879 corruptelae
1013 1805 1111 1862 minus
1135 1804 1261 1862 obnoxia
1285 1822 1361 1862 oom-

187 1904 327 1979 probent,
361 1905 415 1963 sed
442 1905 486 1962 ita
513 1921 634 1963 eausam
667 1920 752 1961 suam
782 1901 941 1961 defendere
973 1903 1096 1962 student
1127 1906 1161 1960 ut
1194 1902 1364 1976 excogitata

188 2000 304 2059 ratione
328 2021 387 2077 qua
409 2021 481 2061 usus
505 2002 632 2076 scriptor
655 2018 690 2058 eo
714 2000 801 2058 modo
823 2000 905 2076 loqui
923 2003 977 2059 aut
995 2000 1125 2060 volucrit
1145 2003 1198 2059 aut
1216 1999 1363 2071 debuerit,

188 2099 260 2173 quid
277 2118 347 2158 vere
366 2100 520 2175 scripserit
538 2098 732 2159 constituant
768 2097 827 2154 Sed
845 2098 876 2157 in
895 2099 950 2158 hoc
969 2117 1079 2173 genere
1097 2099 1195 2157 minus
1214 2098 1361 2156 rationem

150 2246 154 2252 ,
188 2215 260 2255 usus
285 2197 370 2273 sequi
393 2197 513 2256 ridetur
535 2214 625 2272 quam
648 2215 684 2254 ex
707 2214 765 2255 usu
792 2198 939 2256 rationem
966 2198 1104 2274 cognosci
1130 2200 1362 2257 consentaneum

188 2297 243 2352 est
294 2293 369 2352 Cum
400 2298 500 2353 autem
532 2293 670 2354 veritatis
703 2294 852 2369 quandam
886 2294 1013 2369 speciem
1043 2295 1155 2354 habeat
1185 2296 1241 2353 illa
1269 2294 1362 2352 ratio-

188 2392 312 2468 cinatio,
340 2410 399 2449 non
426 2392 596 2450 mirandum
624 2394 671 2450 est
692 2392 797 2450 multis
821 2410 887 2450 earn
904 2393 1097 2471 imposuisse,
1120 2396 1151 2452 et
1174 2413 1221 2451 me
1245 2412 1362 2469 quoque

188 2490 323 2566 speciosa
340 2489 485 2549 Ludorici
504 2489 640 2548 Herbstii
658 2491 926 2565 argumentatione,
948 2510 1037 2566 quam
1056 2492 1183 2566 probaui
1200 2493 1232 2549 in
1251 2490 1360 2549 Annal.

187 2589 260 2664 phil.
287 2607 313 2649 a.
339 2590 425 2648 1868
453 2608 482 2663 p.
508 2591 568 2647 181
582 2608 659 2664 sqq,
687 2586 846 2663 deceptum
869 2606 934 2647 essa
958 2572 1087 2665 ingenue
1110 2589 1260 2664 profiteor.
1306 2589 1362 2646 Hic

188 2687 266 2745 enim
297 2687 334 2745 de
361 2705 397 2745 ea
424 2706 458 2746 re
486 2687 583 2745 fusius
611 2706 646 2746 ea
673 2687 922 2746 commentatione
951 2687 1116 2762 disputavit
1143 2708 1232 2763 quam
1261 2689 1296 2746 de
1325 2682 1363 2746 άν

186 2786 289 2845 futuro
320 2786 398 2861 apud
428 2768 632 2861 Thucydidem
666 2782 768 2842 addito
796 2787 916 2861 scripsit
945 2778 1128 2864 (Hamburgi
1158 2779 1267 2866 1867).
1319 2785 1363 2843 aa

189 2887 293 2943 autem
315 2884 426 2940 iterum
446 2885 537 2957 atque
555 2882 667 2941 iterum
685 2870 833 2958 perpensa
850 2883 1029 2965 παλινῳδεῖν
1047 2888 1167 2943 coactus
1187 2903 1253 2942 sum
1272 2886 1362 2959 atque

188 2982 225 3039 ab
254 2999 289 3039 eo
317 2979 476 3039 dissentire
505 2979 553 3038 oui
583 2982 710 3040 antehac
742 2976 987 3040 consentiendum
1020 3001 1085 3040 esse
1117 2982 1196 3041 duxi.
1246 2981 1305 3040 Sed
1332 2980 1366 3039 αί

188 3072 323 3157 δεύτεραί
347 3098 412 3149 πως
439 3075 594 3155 φροντίδες
623 3072 794 3157 σοφώτεραι.
846 3078 881 3137 In
908 3098 1015 3139 novem
1045 3100 1121 3155 quae
1154 3080 1192 3138 ab
1219 3080 1362 3138 Herbstio

187 3177 389 3236 defenduntur
420 3167 598 3256 exemplis2)
631 3196 685 3251 pro
717 3177 900 3251 reliquorum
927 3197 1052 3236 numero
1084 3178 1271 3253 paucissimis
1303 3196 1363 3234 non

260 3333 286 3400 1)
299 3328 379 3383 Licet
390 3327 492 3383 Herod.
503 3328 528 3381 V
538 3333 573 3383 49
587 3322 785 3401 ἀναβάλλομαί
796 3349 839 3382 τοι
854 3323 883 3390 ἐς
897 3332 991 3398 τρίτην
1005 3328 1115 3399 ἡμέρην
1128 3326 1362 3399 ὑποκρινέεσθαι,

187 3411 225 3464 Vl
243 3416 286 3478 86,
310 3416 326 3462 2
350 3409 440 3463 ταῦτα
460 3399 499 3461 ὧν
520 3405 588 3477 ὑμῖν
607 3403 803 3479 άναβάλλομοιι
822 3405 959 3477 κυρώσειν
979 3406 1008 3471 ἐς
1026 3408 1160 3478 τέταρτον
1178 3410 1264 3478 μῆνα,
1283 3409 1362 3462 Dem.

187 3491 261 3544 1119
286 3491 371 3550 εἴτις
390 3484 469 3558 ὑμῶν
491 3486 532 3549 είς
554 3485 632 3542 τοῦτ’
653 3485 843 3557 ἀναβάλλεται
865 3487 996 3556 ποιήσειν
1020 3484 1054 3542 τά
1078 3488 1180 3542 δέοντα
1203 3488 1251 3542 inf.
1275 3486 1363 3541 futuri

188 3571 229 3623 ita
248 3568 372 3624 excusari
392 3569 479 3636 queat
495 3569 528 3621 ut
546 3567 576 3620 in
594 3563 808 3639 ἀναβάλλεσθαι
823 3570 865 3622 vis
880 3569 1033 3638 pellicandi
1047 3569 1136 3623 latere
1152 3570 1262 3624 dicatur
1276 3569 1363 3637 (quod

187 3651 262 3703 enim
281 3648 309 3702 iu
329 3647 445 3716 aliquod
464 3650 576 3716 tempus
595 3648 756 3716 differimus,
777 3649 808 3702 id
827 3649 925 3702 eodem
945 3651 1071 3719 tempore
1090 3667 1140 3704 nos
1159 3650 1283 3703 facturos
1303 3663 1362 3702 esse

186 3728 378 3800 pollicemur),
401 3733 498 3782 tamen
520 3729 637 3797 propter
655 3729 758 3783 Herod.
778 3728 815 3781 lX
835 3735 852 3783 8
875 3724 1065 3800 ἀνεβάλλοντο
1089 3725 1118 3792 ἐς
1140 3727 1191 3799 τὴν
1211 3726 1361 3798 ὑστεραίην

186 3807 396 3878 ὑποκρίνασθαι
415 3812 445 3862 et
464 3807 501 3862 Vl
520 3813 554 3862 88
574 3804 670 3862 οὐκέτι
689 3804 877 3881 άνεβοίλλοντο
902 3807 939 3878 μὴ
960 3805 994 3863 ού
1013 3805 1045 3863 τὸ
1065 3810 1123 3864 πάν
1143 3807 1361 3880 μηχανήσασθαι

187 3889 285 3943 dubito
304 3906 339 3943 an
357 3886 584 3958 ὑποκρίνασθαι,
609 3891 748 3958 κυρῶσαι,
771 3890 888 3957 ποιῆσαι
907 3891 1086 3944 rescribenda
1104 3890 1173 3960 sint,
1197 3889 1360 3959 praesertim

186 3985 249 4021 cum
274 3966 384 4037 μέλλειν
408 3968 494 4021 simili
519 3969 669 4024 cunctandi
692 3969 721 4025 vi
744 3969 903 4039 praeditum
927 3987 1065 4038 nusquam
1089 3971 1138 4025 inf.
1160 3971 1249 4024 futuri
1267 3987 1360 4024 secum

185 4050 297 4103 habeat.
641 4068 644 4073 ·

257 4130 284 4197 2)
309 4130 394 4182 Recte
420 4128 524 4198 excipit
546 4129 572 4183 Π
595 4135 638 4198 80,
664 4138 678 4182 l
707 4128 811 4204 βριδίοις
839 4125 875 4182 διν
896 4126 1080 4200 Ἀκαρνανίαν
1104 4133 1218 4202 σχόντες
1241 4130 1289 4185 καί
1313 4131 1362 4199 τῆς

186 4208 339 4262 Ζακύνθου
363 4209 411 4262 καὶ
436 4213 635 4277 Κεφαλληνίας
658 4206 842 4279 κρατήσουσι,
869 4211 919 4264 ubi
942 4206 980 4266 o'iv
1004 4213 1041 4265 ad
1064 4215 1153 4267 solum
1180 4210 1361 4281 participium

186 4284 298 4358 σχόντες
321 4289 366 4356 (cf.
391 4289 416 4342 V
440 4296 465 4356 9,
489 4296 513 4342 3.
543 4289 581 4343 VI
604 4297 647 4359 80,
672 4294 700 4360 5)
723 4292 764 4345 ita
786 4290 910 4359 pertinet
934 4294 965 4344 ut
988 4292 1063 4346 idem
1088 4292 1258 4361 significetur
1280 4308 1313 4345 ae
1337 4291 1361 4343 si

185 4368 320 4437 scriptum
339 4369 377 4421 sit
396 4365 499 4443 ῥᾳδίως
517 4362 554 4422 [tv
573 4375 603 4423 A.
624 4377 718 4439 σχοῖεν
738 4372 787 4426 καλ
806 4417 812 4426 .
834 4416 840 4427 .
860 4416 866 4427 ,
887 4370 1065 4442 κρατήσουσι,
1101 4370 1207 4426 Eodem
1231 4372 1313 4425 modo
1332 4369 1362 4423 in

185 4448 255 4502 Plat.
275 4448 357 4518 Apol.
376 4455 436 4502 29c
459 4445 516 4517 ἤδη
540 4444 577 4502 dv
589 4447 679 4518 υμῶν
699 4450 729 4506 οί
744 4451 816 4516 υἱεῖς
836 4448 1053 4521 ἐπιτηδεύοντες
1071 4445 1089 4506 δι’
1110 4450 1264 4521 Σωκράτης
1283 4448 1361 4504 διδά-
