3104 5078
625 261 844 378 415..

149 475 310 550 έλπίζοντές
332 497 402 538 ποτε
423 475 514 547 ναυσί
535 473 779 556 Ικρατνγθήσεσθαι
803 472 860 539 οὐκ
883 479 1003 559 ίσχυρον
1026 478 1174 559 ἐτείχιζον,
1203 478 1324 554 ἐκείνοις

126 634 129 639 .
148 596 177 634 τε
200 573 384 654 βιαζομένοις
405 569 460 653 τὴν
478 568 627 652 οἰπόβασιν
645 569 794 654 ἁλώσιμον
811 571 843 637 τὸ
862 577 969 655 χωρίον
987 577 1152 657 γίγνεσθαι,
1176 579 1220 637 IV
1241 581 1283 638 24
1303 581 1323 637 4

148 672 175 732 εἰ
195 667 448 759 γδιρνκρατήσειαν
470 676 510 757 τῷ
533 676 677 758 ναυτικῷ,
703 667 735 732 τδ
753 666 873 754 Ῥήγιον
894 669 1018 753 ἤλπιζον
1041 724 1047 736 .
1073 723 1079 736 .
1103 722 1111 738 .
1135 673 1244 758 ῥαδίιδς
1267 698 1322 755 γει-

148 767 310 849 ροίοεσθαι,
342 769 394 832 καί
421 765 482 850 ἤδη
510 775 596 849 σφῶν
622 766 728 851 ίσχυρδι
755 767 790 831 τὰ
817 766 972 852 πράγματα
998 774 1167 854 γίγνεσθαι,
1201 775 1254 833 ubi
1285 775 1324 833 ad

147 870 273 929 verbnm
304 870 459 950 γίγνεσθαι
491 890 526 930 ex
556 865 680 947 ἤλπιζον
717 890 809 946 συρτει
846 872 956 947 scripte
993 865 1129 948 ἐνόμιζον
1163 859 1323 948 cogitando

149 970 348 1045 supplendum
380 971 434 1028 est.
480 968 598 1028 Pariter
624 970 698 1028 Xen.
728 969 823 1028 Anah.
846 969 890 1027 VI
915 974 942 1045 1,
967 973 1009 1029 20
1037 971 1165 1048 νομίζων
1193 968 1244 1029 καὶ
1270 964 1324 1048 τὴν

148 1061 237 1144 τιμὴν
265 1066 350 1145 μείζω
378 1060 472 1138 ούτως
499 1063 593 1151 ἐαυτῷ
620 1067 776 1146 γίγνεσθαι
801 1060 876 1145 πρὸς
902 1060 971 1138 τούς
999 1066 1105 1143 φίλους
1132 1064 1182 1126 καὶ
1205 1066 1246 1138 είς
1269 1061 1323 1144 τήν

147 1157 235 1224 πόλιν
262 1158 390 1242 τούνομα
418 1164 517 1241 μεῖζον
545 1158 705 1243 ἀφίξεσθαι
734 1157 834 1225 αὑτοῦ.
881 1163 1026 1225 Omnibus
1055 1158 1161 1225 autem
1179 1166 1227 1224 his
1250 1165 1323 1225 locis

146 1263 264 1339 integra
287 1263 436 1322 sententia
458 1282 513 1338 pro
538 1264 691 1339 praesenti
713 1263 868 1343 γίγνεσθαι
890 1264 939 1324 vel
962 1263 1164 1323 καθίστασθαι
1187 1263 1323 1321 futurum

145 1357 265 1419 έσεσθαι
289 1361 423 1438 cogitare
446 1362 527 1421 licet.
568 1362 652 1420 Idem
676 1362 803 1438 denique
827 1380 898 1425 usus
922 1362 953 1419 in
975 1361 1133 1437 participio
1155 1361 1323 1436 praesentis

145 1449 298 1533 comparet
316 1459 396 1535 apud
415 1458 526 1517 Herod.
546 1458 603 1516 VH
623 1461 689 1532 8,1
715 1462 801 1519 τούτο
824 1454 998 1538 ἐφρόντιζον
1021 1454 1098 1532 ὅκως
1122 1453 1161 1537 μὴ
1185 1459 1323 1536 λείψομαι

144 1557 203 1614 τοῖιν
231 1550 374 1635 πρότερον
401 1553 568 1637 γενομένων
597 1553 630 1616 έν
657 1559 725 1638 τιμῇ
754 1556 823 1638 τῇδε
856 1552 931 1635 μηδὲ
963 1551 1074 1617 ἐλάσσω
1106 1550 1325 1635 προσκτήσομαι

145 1646 273 1731 δύναμιν
297 1652 443 1738 Πέρσῃσι·
473 1655 636 1735 φροντίζων
661 1651 692 1715 δέ
717 1647 841 1733 εὑρίσκω
864 1648 926 1732 δι’μα
948 1651 1002 1732 μέν
1024 1654 1115 1726 κῦδος
1138 1647 1210 1732 ἡμῖν
1232 1670 1321 1732 προσι
1376 1669 1379 1675 ’

142 1745 301 1831 γινόμενον
326 1798 332 1813 .
357 1800 364 1812 .
389 1801 396 1814 .
430 1748 491 1832 δι’μα
524 1749 556 1813 δέ
588 1753 730 1831 τιμωρίην
762 1775 791 1812 τε
822 1751 873 1813 καί
905 1754 979 1814 τίσιν
1011 1750 1180 1834 γινομένην.
1231 1752 1324 1812 Cuius

144 1851 292 1910 rationem
320 1871 380 1912 non
408 1853 597 1928 perspexisse
621 1852 800 1927 Dionysium
824 1853 891 1911 Hal.
915 1855 1050 1930 apparet,
1073 1871 1141 1911 cum
1165 1851 1256 1910 Thuc.
1280 1851 1324 1909 IV

147 1951 196 2024 10,
222 1951 241 2007 3
265 1950 460 2026 vituperaret,
485 1951 565 2027 quod
589 1968 731 2027 praesens
755 1950 881 2031 γίγνεται
906 1951 1101 2021 adfuturum
1119 1947 1198 2008 ἔσται
1217 1970 1324 2024 parum

144 2050 248 2120 aptum
277 2053 365 2108 esset.
410 2049 516 2124 Neque
542 2048 638 2124 magis
667 2048 748 2106 idem
775 2050 831 2107 hcc
860 2048 977 2107 dicendi
1005 2066 1100 2123 genus
1130 2048 1218 2123 quale
1245 2052 1325 2107 esset

143 2144 308 2222 intellexit,
341 2165 408 2205 cum
440 2167 468 2222 p.
497 2147 559 2204 801
592 2143 798 2220 Thucydidem
833 2145 891 2205 alic
924 2164 1042 2222 quoque
1075 2146 1139 2204 loco
1171 2145 1325 2219 praesenti

143 2245 279 2318 tempore
303 2245 382 2304 male
404 2264 493 2303 usum
517 2262 595 2303 esse.
608 2242 736 2301 doceret:
772 2244 816 2302 De
839 2244 940 2304 verbis
963 2243 1043 2302 enim
1064 2242 1166 2319 1139,
1186 2243 1207 2300 4
1230 2242 1323 2302 καίτοι

144 2339 171 2399 εἰ
192 2340 327 2424 ῥᾳθυμία
351 2345 462 2421 μᾶλλον
482 2389 487 2400 .
508 2388 516 2401 .
536 2386 543 2400 .
566 2336 708 2418 ἐθέλομεν
729 2333 927 2417 κινδυνεύειν,
950 2340 1144 2420 περιγίγνεται
1167 2331 1239 2417 ἡμῖν
1262 2345 1323 2412 τοῖς

143 2460 173 2497 τε
196 2437 351 2516 μέλλουσιν
374 2434 519 2521 ἆλγεινοῖς
543 2433 582 2516 μὴ
606 2433 789 2517 προκάμνειν
811 2461 837 2498 κ.
860 2461 885 2500 τ.
907 2442 931 2497 λ.
955 2440 1028 2498 haec
1051 2439 1164 2497 monet:
1190 2435 1331 2512 ἐνταῦθα,

143 2531 200 2617 γδρ
223 2532 254 2599 τὸ
278 2534 332 2617 μέν
354 2531 528 2616 ἐθέλομενῙ)
556 2537 637 2617 ῥῆμα
663 2539 716 2597 τοῦ
745 2528 899 2617 μέλλοντός
926 2534 985 2596 ἐστι
1013 2530 1122 2614 χρόνον
1151 2531 1323 2612 δηλωτικόν,

143 2625 176 2694 ιδ
202 2632 234 2695 δέ
257 2635 452 2715 περιγίγνεται
474 2637 526 2695 τοῦ
548 2629 706 2713 παρόντος·
734 2628 908 2696 ιἰκόλονθον
931 2628 960 2694 δ’
986 2627 1025 2694 δν
1047 2621 1102 2712 ἦν,
1125 2632 1152 2692 εί
1173 2630 1323 2704 σννέζενξε

143 2736 183 2817 τῷ
207 2731 349 2811 ἐθέλομεν
371 2727 403 2793 τὸ
427 2729 580 2811 περιέσται.
617 2731 731 2801 Quibus
756 2734 826 2809 quid
850 2734 980 2794 voluerit
999 2733 1075 2791 satis
1095 2731 1125 2789 iu
1143 2735 1247 2807 aperto
1267 2735 1331 2792 est.-

143 2833 262 2891 Etenim
289 2826 320 2892 τὸ
348 2825 549 2907 κινδυνεύειν,
581 2830 660 2907 quod
687 2830 719 2887 in
746 2832 902 2890 voluntate
931 2834 1051 2890 tautum
1079 2833 1172 2906 essct,
1204 2849 1263 2888 non
1291 2831 1323 2887 in

143 2949 245 2989 rerum
263 2932 400 3007 veritate,
424 2929 520 2989 futuri
537 2928 681 3004 temporis
701 2947 767 2988 esse
786 2931 905 3004 putavit
928 2932 1020 3005 atque
1042 2928 1074 2986 in
1096 2928 1219 3003 epodosi
1243 2928 1323 2986 futu-

143 3047 210 3085 rum
233 3032 302 3104 post
325 3028 351 3088 εί
372 3025 515 3105 ἐθέλομεν
538 3019 724 3087 κινδυνεύειν
747 3045 806 3086 non
829 3028 927 3087 minus
952 3027 1097 3086 sermonis
1126 3026 1345 3101 congruentia.
1383 3067 1386 3074 .

142 3128 289 3201 postulari
317 3147 406 3203 quam
434 3128 460 3186 si
486 3119 526 3203 ἢν
553 3117 774 3203 κινδυνεύωμεν
802 3126 948 3203 scriptum
977 3128 1066 3184 esset.
1116 3124 1222 3199 Neque
1256 3124 1320 3182 sinc

143 3224 224 3281 omni
251 3243 342 3283 causa
369 3226 426 3285 hcc
453 3245 521 3283 eum
549 3225 692 3284 statuisse
719 3225 883 3285 ostendunt
910 3224 1000 3299 Soph.
1026 3222 1098 3280 Ant.
1124 3224 1208 3281 1039
1233 3213 1320 3302 τύφῳ

144 3313 172 3379 δ’
198 3318 312 3381 ἐκεῖνον
336 3315 403 3401 ούχὶ
425 3316 562 3400 κρύψετε,
585 3354 627 3362 -
652 3314 718 3381 οὐδ’
745 3321 773 3380 εί
793 3314 915 3381 θέλονσ’
941 3320 973 3381 σί
992 3314 1091 3397 Ζηνὸς
1113 3317 1204 3378 αίετοὶ
1225 3312 1321 3396 βορὰν

147 3451 183 3460 -
206 3417 307 3499 φέρειν
325 3444 374 3481 νιν
392 3413 570 3500 διρποίζοντες
589 3417 619 3491 ἐς
638 3413 711 3490 Διὸς
734 3412 879 3497 θρόνους,
903 3420 980 3478 Plat.
999 3419 1080 3477 Prot.
1101 3420 1194 3477 324a
1217 3417 1244 3476 εί
1264 3411 1321 3497 γὰρ

24 3510 28 3517 ’
143 3513 255 3589 ἐθέλεις
278 3516 445 3599 ἐννοῆσαι.
466 3563 472 3578 .
493 3561 514 3595 .,
537 3511 610 3577 αύτό
632 3535 663 3576 σε
687 3510 809 3594 διδάξει,
834 3519 928 3577 eled
952 3517 978 3577 εί
999 3511 1055 3597 γὰρ
1078 3513 1175 3575 ἐθέλει
1196 3538 1239 3587 τις
1259 3563 1264 3574 .
1285 3560 1320 3574 ..

143 3613 352 3694 συγγενέσθαι,
381 3610 598 3694 ...εὑρήσει
643 3615 755 3674 Veram
787 3619 890 3675 tamen
919 3615 1102 3692 Thucydidis
1137 3615 1318 3675 sententiam

142 3729 202 3769 nou
225 3713 314 3788 plane
336 3715 497 3791 perspexit,
522 3734 599 3790 quae
623 3715 695 3772 haee
718 3717 778 3773 est:
803 3708 849 3773 ‘ec
873 3714 954 3791 quod
977 3705 1096 3794 (esni
1117 3717 1145 3790 9,
1166 3716 1195 3772 2.
1219 3715 1270 3788 32,
1291 3714 1320 3773 2.

144 3811 194 3884 43,
215 3811 243 3870 5.
273 3810 332 3869 VII
351 3814 402 3888 34,
424 3815 451 3871 7.
479 3804 585 3892 67,1)
609 3813 688 3870 laeto
712 3813 811 3872 animo
835 3812 976 3888 propensi
999 3830 1102 3871 sumus
1126 3812 1163 3869 a'd
1186 3810 1320 3886 pericula

144 3908 300 3970 subeunda
323 3910 472 3987 contingit
494 3909 581 3968 nobis
604 3911 639 3967 ut
662 3909 772 3968 suturis
796 3909 1031 3983 calamitatibus,
1060 3913 1220 3985 antequam
1247 3909 1319 3968 acci-

216 4100 242 4167 1)
265 4097 329 4152 Non
352 4099 513 4154 dubitamus
537 4098 604 4166 quin
627 4097 689 4167 ipse
707 4098 859 4167 Dionysius
878 4115 975 4154 veram
993 4098 1158 4167 scripturam
1179 4093 1318 4166 ἐθέλομεν

142 4175 172 4230 in
195 4193 245 4232 suo
269 4177 341 4234 libro
364 4179 496 4235 habuerit
519 4181 550 4232 et
568 4175 719 4248 ἐθέλοιμεν
737 4181 856 4247 utroque
875 4180 937 4235 loco
962 4180 1037 4246 (nam
1057 4178 1130 4231 infra
1149 4178 1259 4244 quoque
1278 4177 1318 4230 sic

143 4257 258 4326 legitur)
275 4258 387 4313 illatum
401 4261 438 4314 sit
450 4278 468 4314 a
481 4258 605 4314 librariis
619 4259 787 4328 Byzantinis,
806 4261 853 4327 qui
867 4256 1050 4327 Thucydides
1063 4256 1138 4324 apud
1152 4255 1318 4322 Dionysium

142 4356 230 4408 prope
253 4339 348 4394 omnia
370 4358 403 4395 ex
426 4340 588 4410 depravatis
607 4337 779 4408 Thucydidis
802 4337 947 4392 codicibus
971 4334 1072 4404 quibus
1093 4334 1148 4403 ipsi
1166 4335 1318 4390 utebantur

142 4424 328 4475 correxerunt.
