3104 5078
671 348 891 411 ..30-

193 508 243 569 παὶ
270 504 307 571 οὐ
334 505 514 589 βουλόμενος
544 507 724 588 ‘quanquam
752 507 877 571 invitns'
906 513 1007 573 valere
1041 513 1140 590 docui,
1173 514 1207 570 ut
1233 510 1283 571 καὶ
1311 507 1368 573 οὐκ

191 605 306 668 ἐθέλων
329 609 417 669 Ηοιυ.
439 610 475 671 Il.
498 609 542 666 IV
567 611 640 669 300.
670 607 724 667 Od.
747 609 777 666 ΙΙ
804 612 866 669 110
890 611 975 669 etin
999 612 1148 670 sententia
1171 611 1369 670 condicionali

192 700 231 783 μὴ
257 701 436 785 βουλόμενος
455 708 533 767 Plat.
552 706 645 783 Legg.
665 708 758 764 eoae
781 707 865 782 dixit,
890 728 956 766 oum
975 708 1134 769 Classenus
1159 710 1244 767 nulla
1266 728 1367 768 neces-

192 804 281 863 sitate
310 809 428 864 coactus
457 825 525 864 eum
552 806 650 866 locum
679 808 782 862 contra
809 824 898 880 quam
927 809 1090 867 secundum
1113 807 1282 882 legitimum
1307 826 1380 865 ser--

192 903 288 960 monis
307 923 395 962 usum
413 904 608 979 interpretari
626 902 721 961 malit
749 901 883 979 Uterque
902 924 920 963 a
939 926 987 964 me
1006 906 1146 964 dissentit
1161 906 1197 963 dc
1212 905 1256 962 IV
1272 907 1322 977 63,
1340 908 1368 977 1,

191 1000 244 1057 nbi
271 1001 512 1077 interpunctione
539 1005 609 1077 post
635 994 695 1078 ἤδη
723 1000 822 1075 posita
845 996 994 1082 φοβεροὺς
1017 996 1164 1080 παρόντας
1183 995 1368 1079 Ἀθηναίους

192 1091 249 1175 (--
270 1092 326 1175 miv
349 1101 482 1179 φοβεραν
502 1095 674 1177 Ἀθηναίων
697 1093 878 1179 παρουσίαν)
903 1101 1006 1160 eodem
1030 1102 1117 1160 modo
1141 1100 1253 1159 dictum
1276 1106 1367 1175 etque

191 1189 260 1268 τοὺς
279 1190 462 1275 Ἀθηναίους
486 1191 630 1277 μεγάλους
652 1191 845 1275 γιγνομένους
865 1198 880 1255 Ι
900 1201 951 1275 23,
972 1201 990 1257 6
1015 1192 1067 1277 (cf.
1090 1199 1208 1273 reliqua
1231 1199 1369 1272 exempla

192 1312 284 1370 supra
302 1291 410 1377 allata)
434 1317 488 1372 pro
513 1296 699 1371 appositione
722 1295 830 1373 accepi,
855 1296 908 1355 sed
930 1300 1039 1358 neuter
1062 1317 1182 1357 eausam
1206 1297 1292 1355 affert
1315 1314 1369 1354 cur

190 1394 267 1450 ratio
296 1413 314 1452 a
341 1414 389 1452 me
417 1394 505 1469 inita,
538 1412 614 1469 quae
648 1395 678 1451 et
707 1394 872 1452 sententiae
907 1395 1055 1454 satisfecit
1083 1399 1114 1453 et
1144 1393 1367 1471 grammaticae,

191 1491 340 1550 reicienda
373 1493 426 1570 sit,
458 1494 517 1551 nisi
549 1491 628 1566 quod
659 1489 849 1565 illegitimam
881 1492 965 1550 illam
993 1493 1144 1552 licentiam
1172 1493 1221 1550 hic
1248 1491 1367 1550 admitti

191 1606 279 1662 posse
303 1589 472 1664 opinantur.
511 1588 632 1648 Maioris
656 1588 756 1645 autem
780 1591 925 1647 momenti
948 1609 1037 1665 quam
1061 1591 1108 1648 hic
1132 1591 1214 1649 locus
1238 1590 1276 1648 ad
1299 1607 1367 1647 con·

191 1685 367 1745 firmandam
391 1689 467 1746 hano
490 1686 660 1763 opinionem
684 1687 764 1743 esset
787 1686 847 1744 VII
872 1689 922 1764 66,
946 1690 964 1746 3
990 1683 1095 1767 ἄνδρες
1118 1682 1174 1766 γὰρ
1197 1683 1316 1746 ἐπειδὰν
1341 1675 1366 1770 ᾧ

193 1776 307 1853 ἀξιοῦσι
331 1780 471 1865 προύχειν
494 1784 672 1857 soloecon,
695 1776 728 1840 τό
750 1775 778 1860 γ’
799 1771 965 1844 ὑπόλοιπον
985 1779 1083 1845 αὐτῶν
1100 1788 1152 1863 τῆς
1171 1779 1259 1862 δόξης
1278 1777 1368 1842 ἐσθε-

193 1878 326 1959 νέστερον
350 1877 421 1943 αὐτὸ
445 1881 551 1943 ἑαυτοῦ
574 1879 651 1940 ἐστιν
672 1873 691 1956 ἢ
716 1879 743 1939 εἰ
764 1873 833 1957 μηδ’
864 1875 1009 1964 ᾠήθησαν
1035 1877 1067 1943 ιδ
1095 1885 1227 1960 πρῶτον,
1254 1879 1368 1962 καὶτῷ

190 1973 259 2056 παρ’
286 1977 389 2040 ἐλπίδα
416 1984 468 2041 τοῦ
496 1974 663 2060 αὐχήματος
691 1971 887 2055 σφαλλόμενοι
915 1978 965 2039 καὶ
987 1976 1067 2060 παρὰ
1091 1974 1176 2059 ι’σγδν
1197 1982 1249 2057 τῆς
1273 1971 1368 2038 δυναί-

27 2070 30 2075 ’
103 2143 104 2146 ¹
191 2099 266 2154 μεως
289 2074 470 2155 ἐνδιδόασιν,
493 2081 518 2137 si
543 2098 646 2138 verum
671 2078 751 2134 esset
775 2077 853 2151 quod
877 2077 1038 2138 Classenus
1062 2078 1228 2154 contendit,
1251 2079 1368 2137 concin-

190 2177 295 2235 nitatis
319 2198 410 2238 cansa
432 2198 492 2237 non
515 2179 604 2236 licere
628 2176 667 2258 τῷ
689 2166 759 2251 παρ’
786 2171 890 2234 ἐλπίδα
913 2177 1016 2237 eodem
1039 2179 1127 2237 modo
1151 2178 1284 2252 accipere
1307 2195 1366 2251 quo

190 2273 232 2330 IV
257 2278 308 2351 62,
333 2278 352 2335 3
378 2276 490 2335 dietum
513 2279 573 2352 est,
603 2275 655 2333 sed
678 2266 748 2349 παρ’
775 2268 878 2332 ἐλπίδα
900 2278 953 2334 τοῦ
976 2269 1143 2354 αὐχήματος
1166 2276 1280 2350 pariter
1302 2276 1367 2332 iun-

189 2373 320 2446 gendum
351 2393 416 2433 esse
444 2377 533 2449 etque
560 2365 641 2449 παρὰ
669 2364 755 2448 ἰσχὺν
781 2371 832 2446 τῆς
862 2366 1016 2450 δυνάμεως
1047 2367 1097 2453 (cf.
1121 2374 1149 2429 V
1177 2376 1226 2448 14,
1257 2364 1299 2453 1),
1333 2376 1365 2431 et

188 2471 297 2528 mirum
323 2473 471 2548 estquod
495 2472 637 2530 hocloco
661 2469 741 2526 illius
765 2468 904 2527 licentiae
927 2470 1084 2530 immemor
1111 2471 1148 2529 de
1176 2470 1300 2529 delendo
1324 2472 1364 2553 τῷ

188 2568 239 2624 ille
271 2570 398 2645 cogitat,
429 2589 509 2646 cum,
548 2569 574 2627 si
607 2565 710 2625 eadem
743 2565 859 2624 ratione
891 2587 950 2641 qua
981 2569 1025 2626 IV
1059 2572 1114 2642 63,
1151 2573 1177 2627 1.
1218 2569 1244 2625 V
1275 2572 1302 2644 7,
1337 2571 1367 2630 2.

189 2663 263 2722 VIII
290 2669 361 2740 105,
386 2671 405 2726 2
430 2687 503 2727 usus
527 2671 574 2726 est
596 2667 635 2748 τῷ
658 2683 725 2722 cum
748 2656 946 2740 σφαλλόμενοι
976 2667 1134 2742 iungatur,
1163 2666 1247 2724 nulla
1269 2669 1366 2724 muta·

188 2764 270 2821 tione
294 2783 369 2840 opus
393 2765 440 2824 sit.
479 2763 537 2824 Sed
560 2761 767 2822 concinnitatis
792 2761 869 2819 ratio
893 2762 1036 2823 hocloco
1060 2784 1119 2823 non
1141 2767 1259 2822 tantum
1283 2764 1366 2822 valet

188 2866 333 2934 quantum
361 2862 521 2922 Classenus
549 2864 645 2937 putet.
696 2859 774 2918 Nam
801 2860 874 2917 alibi
903 2881 1020 2936 quoque
1048 2863 1129 2937 apud
1160 2860 1365 2936 Thucydidem

189 2959 315 3017 similem
339 2961 498 3020 verborum
523 2957 725 3033 aequabilium
748 2958 970 3034 inaequabilem
994 2965 1176 3020 structuram
1200 2959 1363 3034 deprehen-

188 3057 294 3133 δίαινε,
319 3060 403 3118 velut
426 3058 474 3116 III
494 3059 546 3133 82,
565 3057 583 3113 8
609 3047 742 3134 εὐσεβείᾳ
766 3052 819 3133 μὲν
839 3103 845 3115 .
865 3105 871 3116 .
892 3105 898 3116 .
924 3052 1081 3138 εὐπρεπείᾳ
1104 3053 1136 3115 δέ
1160 3060 1191 3116 ct
1209 3056 1252 3113 VI
1273 3058 1323 3130 17,
1344 3058 1362 3115 3

187 3151 219 3212 ἐκ
242 3158 294 3215 τοῦ
318 3152 410 3236 λέγων
432 3156 549 3215 πείθειν
573 3146 592 3231 ἢ
617 3146 787 3229 στασιάζων,
812 3158 843 3213 et
862 3156 1052 3233 Thucydides
1075 3156 1175 3215 verbis
1198 3157 1250 3215 τοῦ
1274 3148 1364 3233 αὐχή-

187 3274 277 3329 ματος
295 3248 493 3332 σφαλλόμενοι
512 3252 701 3327 superiorum
720 3246 841 3310 ἐπειδὰν
861 3241 884 3335 ᾧ
903 3246 1019 3324 σἰξιοῦσι
1037 3246 1177 3332 προύχειν
1195 3255 1363 3310 πολουθῶσι

188 3353 368 3411 sententiam
396 3355 534 3413 accurate
561 3349 686 3408 reddere
712 3351 820 3409 maluit
843 3371 931 3427 quem
955 3353 1168 3412 vocabulorum
1191 3351 1360 3408 iuncturam
1451 3367 1453 3371 ’

188 3452 380 3523 sequentibus
406 3453 620 3527 congruentem
644 3468 830 3524 comparare,
857 3469 951 3526 eaque
974 3469 1011 3508 ne
1035 3450 1066 3507 in
1089 3449 1179 3507 simili
1202 3448 1363 3507 verborum

187 3545 283 3605 forma
312 3568 366 3608 sue
395 3553 499 3624 sponte
528 3550 700 3622 exsisteret,
729 3548 831 3606 addito
859 3550 899 3630 τῷ
924 3548 1023 3606 effecit
1045 3551 1081 3607 ut
1103 3539 1172 3622 παρ’
1198 3542 1301 3603 ἐλπίδα
1325 3546 1362 3603 ab

186 3644 358 3720 insequenti
381 3649 432 3706 τοῦ
456 3640 623 3726 αὐχήματος
647 3646 877 3722 disiungeretur.
916 3645 992 3705 Cum
1015 3646 1111 3722 igitur
1134 3666 1170 3704 ex
1193 3645 1265 3704 locis
1284 3646 1363 3703 Thu-

186 3743 318 3817 cydidcis
333 3746 384 3819 qui
399 3746 518 3821 quidem
533 3745 741 3803 consentiente
755 3744 899 3803 librorum
915 3748 945 3804 et
961 3745 1201 3804 testimoniorum
1220 3743 1364 3801 memoria

186 3841 292 3898 traditi
316 3846 386 3900 sunt
410 3843 510 3900 nullus
535 3843 655 3902 steterit
677 3843 749 3918 quin
774 3843 935 3900 secundum
959 3843 1127 3918 legitimam
1150 3842 1267 3900 dicendi
1295 3861 1362 3900 con-

187 3939 376 3997 suetudinem
391 3941 533 4015 explicari
547 3941 651 4017 possit,
670 3941 758 4016 plane
776 3940 834 3998 iam
854 3943 954 3999 actum
974 3945 1020 3999 est
1039 3942 1075 4001 de
1095 3960 1153 3999 uno
1173 3944 1204 3998 et
1223 3944 1362 4015 suspecto

186 4037 238 4094 illo
257 4037 392 4096 Platonis
413 4040 548 4114 exemplo
567 4041 656 4115 idque
676 4040 883 4100 emendatione
907 4058 995 4115 egere
1019 4042 1152 4113 apparet.
1189 4038 1296 4113 Itaque
1320 4039 1363 4096 ibi

186 4139 240 4193 eut
268 4128 343 4193 εἶναι
371 4139 440 4210 post
467 4129 568 4214 ἀρίστη
596 4136 764 4195 addendum
792 4142 855 4212 est,
885 4156 962 4212 qnae
990 4137 1084 4211 proba
1113 4140 1159 4194 est
1187 4137 1361 4196 recentioris

186 4253 291 4292 manus
320 4234 350 4291 in
379 4235 440 4294 eod.
468 4233 542 4293 Ven.
572 4238 603 4292 Σ
626 4238 795 4294 correctura
823 4237 935 4311 optime
967 4219 1143 4294 conveniens
1172 4235 1210 4292 ad
1238 4235 1362 4294 Theaet.

189 4333 281 4389 170b
311 4325 366 4391 οὖν
394 4326 470 4414 tlte
499 4355 537 4414 ιφ
567 4330 760 4410 διαφέροντας
786 4326 806 4411 ἢ
834 4335 873 4418 τῷ
902 4330 1011 4392 είδέναι
1045 4337 1075 4392 et
1103 4333 1139 4391 de
1168 4334 1238 4408 ch.
1269 4335 1362 4391 501a

186 4425 278 4514 τούτῳ
302 4423 341 4487 δν
360 4424 454 4502 εὐθὺς
472 4434 530 4490 τῶν
548 4426 645 4490 όίλλων
664 4429 851 4511 διενέγκοιεν,
874 4433 912 4514 τῷ
932 4425 1003 4508 μήτε
1021 4425 1139 4491 ἰδιώτου
1159 4422 1230 4508 μήτε
1248 4426 1362 4501 πόλεως
