3104 5078
629 381 849 443 ..47-

34 540 54 561 ⁸
148 540 295 623 Ἀχαιικός
320 538 458 626 11716).
495 546 697 604 Plurimorum
721 546 751 601 et
774 545 955 618 optimorum
979 548 1123 606 librorum
1148 549 1327 607 auctoritate

154 645 379 703 commendatur
402 637 489 715 ε’λοὶας
509 643 552 701 VI
572 646 622 717 99,
642 645 671 700 3.
695 642 755 699 VH
775 644 814 700 81
837 645 866 719 4,
890 647 920 700 et
943 648 1063 719 praeter
1086 643 1179 704 ἐλαῖαι
1198 645 1265 704 ola
1284 647 1328 704 IV

154 743 251 799 27911
278 741 352 800 item
380 743 410 799 in
438 740 534 800 titulis
565 738 673 797 Atticis
702 741 748 796 est
775 732 847 797 ἐλάα
875 732 924 816 (cf.
948 741 1010 800 EA.
1037 761 1063 800 a.
1090 745 1173 802 1884
1202 765 1228 818 p.
1258 746 1328 819 163,

154 841 194 898 33
230 844 260 898 et
292 841 444 898 Meisterh.
477 841 496 897 1.
524 830 582 919 l..)
620 836 695 895 Cum
727 837 851 895 eandem
884 839 1030 897 rationem
1065 834 1127 899 κιὶω
1156 842 1266 901 habeat
1298 846 1329 899 et

152 929 251 995 ε’κοὶετο
274 936 306 995 lI
330 941 381 1013 49,
411 939 430 994 5
458 937 490 994 in
520 929 639 1011 optimis
668 934 753 992 libris
781 936 914 1010 legatur,
942 936 973 993 ΙΙ
997 939 1049 1012 52,
1074 940 1093 995 4
1122 937 1270 1016 καομένου
1296 942 1329 997 et

155 1034 227 1092 VIII
251 1038 302 1110 39,
327 1039 355 1093 3.
384 1037 455 1111 102,
476 1038 494 1094 3
519 1026 699 1092 κατακάουσι
722 1033 812 1091 otiam
832 1036 936 1092 contra
954 1035 1048 1093 libros
1069 1038 1231 1094 rescribere
1250 1039 1328 1096 lieet.

152 1133 304 1192 Incertum
337 1137 383 1192 est
414 1129 579 1210 καιομένων
611 1130 679 1190 CIA
712 1129 728 1188 I
762 1133 790 1188 9.
843 1129 955 1188 Contra
986 1130 1097 1205 ubique
1129 1152 1182 1206 pro
1212 1126 1328 1209 Ἀθηνᾶ

153 1230 394 1289 substituendum
422 1250 487 1290 osse
518 1234 658 1305 putamus
682 1221 838 1303 Ἀθηναία.
889 1227 1066 1303 Quanquam
1094 1230 1172 1288 enim
1201 1230 1328 1290 Athenis

152 1329 182 1385 in
205 1330 328 1405 antiquo
353 1332 544 1387 monumento
568 1326 686 1401 privato
710 1327 830 1398 reperta
854 1328 900 1383 est
922 1325 1019 1384 forma
1039 1320 1155 1409 Ἀθηνᾷ
1178 1320 1261 1406 (cla
1284 1328 1328 1387 IV

153 1428 216 1485 373
233 1418 285 1504 11),
313 1446 389 1501 quae
412 1426 481 1484 Inde
505 1426 542 1484 ab
567 1443 591 1482 a.
617 1426 680 1482 362
705 1441 731 1480 a.
756 1421 809 1479 Oh.
833 1423 952 1480 demum
976 1424 1007 1482 in
1030 1425 1128 1483 titulis
1153 1426 1262 1485 Atticis
1286 1427 1328 1485 in-

152 1524 314 1582 crebrescit
345 1518 394 1603 (cf.
429 1524 581 1582 Meistorh.
611 1519 631 1596 ξ
661 1524 711 1598 26,
740 1516 791 1598 5),
828 1522 858 1577 ot
896 1519 1105 1579 confirmatum
1140 1518 1265 1602 (ibidem
1298 1524 1329 1581 in

151 1621 218 1679 edd.
242 1623 279 1680 ad
304 1642 331 1681 n.
358 1615 436 1701 298)
461 1622 585 1680 eandem
608 1620 639 1677 in
662 1617 774 1677 tabulis
798 1620 971 1675 curatorum
994 1639 1117 1695 operum
1140 1620 1328 1694 publicorum

151 1722 220 1776 anto
249 1720 403 1778 Euclidem
432 1722 604 1778 archontem
634 1717 720 1775 factis
748 1735 807 1775 uno
835 1717 900 1774 loeo
934 1721 1064 1794 exstare,
1097 1723 1159 1777 tam
1189 1721 1328 1798 frequens

125 1844 128 1849 ·
150 1818 302 1894 ceteroqui
325 1818 356 1876 in
380 1818 478 1876 titulis
502 1816 679 1892 antiquioris
698 1814 807 1872 aetatis
827 1815 874 1870 est
892 1814 991 1871 forma
1011 1808 1169 1892 Ἀθηναία,
1191 1838 1246 1893 pro
1270 1839 1329 1895 qua

150 1918 249 1975 rarius
278 1918 353 1975 eliso
383 1940 393 1974 ι
418 1909 554 1991 Ἀθηνοὶα
583 1906 634 1994 (cf.
658 1911 809 1970 Moistorh.
840 1909 859 1985 ξ
884 1914 912 1985 9,
940 1905 987 1989 1),
1015 1934 1034 1969 u
1077 1915 1152 1972 hanc
1179 1919 1244 1973 tum
1272 1919 1328 1975 sol-

151 2014 279 2071 lemnem
315 2015 347 2071 et
374 2032 573 2088 communem,
606 2011 690 2068 illam
717 2009 748 2065 in
779 2007 898 2082 vulgari
928 2027 985 2066 usu
1013 2008 1173 2069 subnotem
1201 2013 1329 2090 indeque

150 2113 299 2186 receptam
332 2129 397 2169 osse
426 2112 578 2185 appareat.
624 2106 708 2164 Idem
736 2105 911 2181 comprobat
926 2109 1096 2180 'qiolltarum
1126 2110 1328 2170 scaenicorum

152 2228 232 2283 usne,
257 2209 308 2284 qui
327 2208 438 2283 ubique
457 2211 510 2266 aut
530 2200 678 2282 Ἀθηναία
697 2206 750 2261 aut
769 2203 907 2261 Doricam
926 2205 1053 2263 formam
1073 2200 1190 2266 Ἀθοὶνα
1208 2209 1329 2285 habent,

150 2306 207 2362 nisi
236 2307 314 2380 quod
338 2325 397 2364 uno
422 2307 485 2365 loco
509 2304 589 2380 apud
614 2301 766 2377 Aristoph.
796 2293 878 2382 (Pac.
904 2291 983 2380 218)
1013 2303 1043 2360 in
1067 2305 1187 2381 vulgari
1210 2307 1329 2366 iurandi

150 2404 281 2461 formula
295 2407 342 2462 est
356 2398 393 2480 νὴ
403 2397 457 2481 τὴν
473 2399 617 2480 Ἀθηνᾶν,
635 2402 686 2459 ubi
697 2405 799 2458 tamen
808 2399 936 2457 Meinok.
948 2393 1114 2477 Ἀθηναίαν
1128 2405 1264 2463 correxit.
1284 2406 1329 2463 Ex

152 2500 269 2576 reliqua
287 2505 387 2559 autem
403 2502 457 2559 Th.
477 2501 644 2560 elocutione
663 2499 820 2574 vulgarem
835 2495 952 2555 dicendi
966 2501 1213 2559 consuetudinem
1227 2521 1327 2578 asper·

150 2597 250 2654 nantis
274 2603 389 2657 certum
412 2604 459 2658 est
482 2619 550 2656 eum
574 2596 692 2672 vulgari
716 2596 813 2653 forma
837 2615 894 2653 non
919 2614 1004 2654 usum
1029 2617 1104 2657 esse.
1141 2599 1187 2656 De
1210 2601 1328 2658 nomine

148 2687 278 2771 Ἀγραῐοι
311 2686 458 2775 (Ἀγοαῶν
485 2696 535 2754 vel
559 2687 693 2783 ’quoiorv
721 2711 823 2751 omnes
855 2692 937 2751 codd.
967 2694 998 2751 ΙΙ
1028 2698 1100 2765 162,
1130 2697 1158 2771 2,
1185 2688 1328 2775 Ἀγραούς

151 2793 287 2850 nonnulli
315 2794 358 2851 IV
389 2798 438 2871 77,
473 2787 507 2873 2)
541 2793 577 2852 cf.
607 2791 709 2866 Steph.
741 2792 812 2868 Byz.
840 2792 883 2850 IV
913 2796 985 2869 119,
1015 2796 1032 2850 2
1063 2787 1205 2852 Εὖτταΐόα
1238 2787 1280 2874 (v.
1309 2797 1328 2854 l.

152 2882 321 2972 Εὗτταιίδα)
350 2896 381 2951 et
408 2893 524 2967 potiore
552 2891 698 2949 librorum
731 2891 875 2948 momoria
908 2893 939 2949 et
971 2890 1168 2950 similitudine
1200 2893 1328 2951 nominis

151 2986 347 3065 Πολοτταΐδης
370 2990 459 3064 apud.
484 2990 616 3065 Theogn.
642 2989 693 3045 25.
718 2989 768 3046 57.
795 2990 844 3046 61.
872 2991 920 3046 79.
948 2990 1007 3047 129
1033 2989 1189 3064 probatur.

241 3084 307 3141 Non
326 3089 400 3161 puto
420 3087 476 3145 Th.
496 3087 522 3142 V
543 3088 594 3157 25,
616 3089 631 3142 1
654 3084 784 3162 δεκαετῆ,
808 3085 860 3144 sed
885 3082 985 3162 δεκέτη
1009 3089 1040 3144 et
1059 3087 1086 3144 V
1107 3089 1158 3163 26,
1177 3090 1196 3146 3
1222 3083 1328 3146 δεκέτει

152 3178 263 3237 dixisse
286 3184 321 3238 ut
344 3182 534 3260 κεντετηοίδα
556 3182 604 3240 IlI
630 3185 702 3257 104,
728 3186 755 3256 2,
779 3184 832 3240 ubi
855 3185 990 3241 nonnulli
1014 3185 1097 3244 codd.
1120 3184 1328 3263 πενταετηρίδα

151 3278 271 3339 habent-
318 3277 362 3336 cf.
386 3280 480 3338 Arist.
503 3280 576 3337 Ach.
603 3281 674 3338 188.
703 3280 792 3355 Soph.
816 3282 892 3338 Phil.
919 3284 992 3340 715.
1023 3282 1093 3339 Eur.
1117 3283 1161 3339 al.
1188 3286 1271 3342 1153
1297 3287 1328 3343 et

151 3377 316 3455 κεντετηρίς
345 3377 412 3436 cla
437 3378 468 3434 Il
494 3380 564 3438 756.
591 3379 662 3436 758.
691 3379 763 3438 816.
794 3381 873 3454 818,
901 3373 1066 3456 δεκώβολος
1090 3382 1164 3438 837.
1209 3381 1253 3438 De
1282 3400 1327 3440 ac-

151 3480 239 3533 centu
262 3476 298 3536 cf.
323 3477 410 3535 Dind.
434 3474 506 3535 Lex.
531 3475 619 3552 Soph.
640 3496 662 3537 a.
683 3497 710 3536 v.
747 3477 806 3534 Pro
830 3473 1056 3554 τριακονταὲτεις
1078 3477 1105 3533 V
1133 3481 1181 3553 14,
1205 3483 1225 3537 4
1249 3499 1326 3538 unus

151 3574 213 3633 cod.
242 3575 337 3634 Paris.
366 3568 595 3654 τριακοντούτεις
624 3576 757 3635 servavit
784 3577 873 3652 idque
903 3576 1105 3650 recipiendum
1133 3579 1187 3634 est.
1240 3575 1284 3635 cf.
1313 3577 1327 3634 I

154 3673 203 3744 23,
227 3674 256 3729 4.
287 3676 337 3744 87,
363 3676 390 3733 6.
422 3677 493 3751 115,
519 3679 547 3735 1.
575 3676 604 3733 ΙΙ
630 3680 658 3753 2,
681 3680 706 3735 1.
731 3675 824 3732 Arist.
848 3675 921 3732 Ach.
944 3677 1015 3733 194.
1053 3673 1325 3750 Parito1·V32,5

152 3769 440 3843 πεντηκοντοντίὸων
469 3772 628 3846 legendum
652 3776 711 3848 est,
735 3768 1041 3842 111ττεντεκοντούτεις
1064 3771 1091 3826 V
1116 3773 1166 3844 27,
1193 3776 1208 3829 1
1235 3771 1327 3829 tradi·
1371 3755 1375 3761 ’

151 3868 214 3922 tum
244 3868 299 3924 ost.
345 3865 464 3924 Vocalis
493 3890 512 3924 α
541 3872 594 3926 aut
621 3870 696 3927 elisa
719 3874 765 3928 est
788 3871 842 3926 aut
864 3869 1028 3927 contractio
1051 3868 1139 3928 facta.
1186 3867 1229 3926 cf.
1254 3870 1325 3929 Lob.

151 3965 188 4021 ad
214 3965 323 4039 Phryn.
348 3985 373 4039 p.
401 3966 463 4022 406
476 3983 518 4040 sq.
548 3965 642 4023 Lehrs
667 3965 786 4033 Quaest.
811 3985 856 4040 op.
879 3987 907 4041 p.
935 3967 1005 4023 146.

240 4062 276 4118 ln
299 4063 396 4121 titulis
417 4062 528 4122 Atticis
551 4082 605 4138 pro
629 4055 681 4120 εἀ’ν
705 4081 854 4138 nusquam
876 4057 916 4139 ἥν
933 4062 1092 4121 invonitur.
1130 4065 1206 4122 Eum
1226 4069 1325 4123 tamen

151 4160 247 4234 magis
274 4160 368 4219 fuisso
396 4162 549 4236 publicum
577 4160 727 4219 scribendi
757 4179 846 4235 quam
878 4161 998 4219 unicum
1032 4162 1171 4236 loquendi
1203 4163 1325 4220 moduni

151 4260 306 4330 poctarum
332 4259 534 4317 scaenicorum
558 4277 630 4317 usus
652 4258 747 4335 docet,
770 4258 821 4334 qui
839 4260 1007 4335 promiscuo
1027 4253 1080 4317 ἐάν
1099 4261 1130 4316 et
1148 4252 1187 4335 ἤν
1205 4260 1326 4323 habent.

151 4352 229 4410 Item
258 4353 311 4410 I‘h.
360 4354 419 4413 Pro
447 4349 500 4414 ἐάν
527 4357 597 4412 ante
626 4356 845 4415 Macedonicam
873 4359 1003 4415 aetatem
1032 4358 1062 4413 in
1089 4355 1187 4415 titulis
1217 4358 1325 4418 Atticis

149 4470 208 4509 uno
237 4452 300 4510 loco
328 4454 375 4509 est
402 4446 440 4509 dv
467 4453 556 4528 idque
582 4472 650 4511 cum
672 4450 726 4530 μέν
749 4456 780 4512 in
803 4447 898 4532 ἆμμέν
921 4455 1088 4512 coalescens
1113 4446 1194 4531 (cla
1218 4455 1248 4513 Il
1276 4460 1327 4530 11,
