3104 5078
625 350 842 413 -11-

147 516 198 589 40,
219 517 247 573 2.
278 513 322 572 vr
343 515 393 590 13,
415 517 442 572 2.
472 516 523 587 2o,
544 516 573 573 3.
601 514 652 589 33,
672 515 702 574 3.
732 517 782 589 11,
807 516 835 574 2.
867 515 916 592 90,
937 517 965 574 3.
998 512 1132 591 31133,
1158 518 1185 574 2.
1218 517 1269 592 31,
1293 517 1321 575 3.

147 613 197 692 τε,
222 615 248 670 2.
283 615 332 685 ιτ,
356 613 385 672 4.
420 613 472 687 30,
497 614 524 670 3.
557 611 632 668 vui
657 613 707 685 23,
731 612 761 670 4.
794 613 846 687 44,
872 615 899 670 1.
934 615 1037 688 71,1.
1069 614 1120 688 33,
1148 605 1189 689 1),
1213 612 1321 687 quibus

146 709 291 768 accedunt
310 728 402 785 supra
424 710 583 768 memorati
600 708 643 766 IV
664 710 715 784 24,
737 712 764 769 1.
793 711 844 783 80,
867 714 899 787 13
923 711 981 770 duo
1000 714 1117 770 restant
1136 711 1188 787 qui
1207 712 1322 769 nudum

144 806 325 871 infinitivum
344 807 449 865 aorIsli
467 807 610 866 habeant:
637 806 681 864 IV
702 809 753 884 13,
773 803 977 880 1·ίλπίζοντες
995 803 1026 869 τό
1049 802 1122 868 κατὰ
1144 802 1197 868 τὸν
1219 805 1322 886 λιμένα

53 966 55 970 ,
143 907 236 981 τεῖχος
264 898 346 979 ὕψος
374 899 427 980 μὲν
456 901 522 982 ἕχον
549 898 685 984 (auctore
708 903 854 963 Ullriehio
878 925 932 981 pro
956 897 1061 986 ἔχειν),
1090 899 1265 985 ἀποβάσεως
1289 903 1321 967 δὲ
1378 933 1381 937 ·

145 997 267 1079 μάλιστα
295 995 386 1078 οόσης
414 997 489 1060 ἕλεῖν
517 993 550 1082 (l.
580 998 655 1062 ἑλεῖν
682 993 736 1082 διν)
764 1006 910 1081 μηχαναῖς
933 1008 964 1063 et
988 1003 1047 1061 VII
1072 1007 1124 1078 21,
1149 1009 1167 1063 2
1197 1003 1322 1076 ἐλπίζειν

144 1092 201 1178 γὰρ
223 1143 230 1158 .
253 1143 259 1157 .
286 1090 522 1176 κατεργάσασθαι
549 1091 583 1175 (l.
611 1089 866 1180 κατεργάσεσθαι).
913 1099 1038 1160 Duobus
1064 1104 1094 1161 et
1117 1101 1226 1178 viginti
1248 1102 1321 1161 loeis

144 1197 242 1256 nudus
266 1196 431 1256 infinitivus
456 1197 562 1256 aoristi
585 1217 621 1256 ex
644 1195 744 1256 δοκεῖν
766 1197 892 1282 putandi
915 1199 945 1256 vi
968 1197 1106 1273 praedito
1128 1201 1216 1274 aptus
1235 1218 1320 1274 prae-

144 1296 228 1376 teriti
250 1295 393 1372 temporis
417 1297 463 1354 est
488 1287 517 1376 (I
542 1299 624 1369 9,·1.
653 1298 682 1370 9,
707 1297 735 1354 3.
766 1296 870 1365 70,,1.
900 1297 951 1370 81,
976 1296 1006 1354 5.
1036 1297 1108 1372 120,
1133 1297 1161 1356 5.
1192 1295 1222 1354 Π
1242 1299 1271 1371 8,
1291 1298 1319 1356 3.

147 1397 197 1468 ετ,
222 1397 251 1453 2.
285 1396 390 1471 21,1.
424 1395 527 1470 32,1.
565 1393 687 1468 11133,
711 1395 740 1451 2.
774 1392 824 1465 33,
850 1393 878 1450 3.
912 1393 963 1465 33,
988 1393 1016 1451 2.
1050 1379 1154 1469 14,'3.
1187 1391 1214 1448 v
1240 1396 1268 1470 1,
1291 1393 1321 1452 3.

148 1494 248 1569 72,1.
276 1491 319 1550 VI
340 1493 389 1565 18,
410 1493 439 1551 4.
468 1495 519 1566 24,
540 1495 568 1550 2.
600 1494 699 1568 31,1.
729 1492 828 1565 88,1.
857 1488 932 1548 VIII
952 1493 1003 1564 24,
1023 1491 1051 1549 5.
1081 1491 1132 1563 56,
1153 1493 1181 1549 3.
1206 1492 1257 1566 86,
1276 1484 1322 1571 4),

145 1607 238 1648 uuum
262 1589 306 1646 IV
329 1592 380 1665 36,
407 1593 422 1648 1
449 1588 548 1649 doario
571 1581 736 1667 βιάσασθαι
761 1580 794 1668 (l.
818 1580 991 1669 βιάσεσθαι)
1015 1588 1123 1655 leviter
1147 1592 1322 1664 corruptum

146 1707 211 1747 esse
234 1673 287 1762 pet
306 1690 327 1747 t.
374 1688 468 1747 Nemo
492 1688 552 1746 ium
576 1688 734 1764 quiequam
758 1686 904 1745 librorum
928 1686 1102 1746 auctoritati
1125 1686 1248 1764 tribuet,
1271 1687 1326 1763 qui¹

146 1785 189 1843 IV
211 1786 261 1861 28,
282 1786 300 1844 5
324 1776 344 1861 6)
369 1781 507 1856 Κλέωνος
531 1778 790 1864 ἀπαλλαγήσεσθαι
809 1829 836 1843 ..
860 1776 880 1861 ἢ
901 1827 933 1843 ..
957 1783 1216 1861 Λακεδαιμονίους
1239 1784 1323 1860 σφίσι

146 1876 344 1962 χειρώσασθαι
368 1874 400 1962 (l.
425 1875 633 1964 χειρώσεσθαι)
658 1886 689 1942 et
711 1882 754 1940 VI
778 1884 828 1958 24,
852 1884 872 1941 4
896 1880 988 1942 οἴσειν
1011 1878 1060 1941 καῖ
1083 1875 1322 1960 προσκτήσασθαι

146 1974 180 2058 (l.
204 1969 454 2061 προσκτήσεσθαι)
484 1980 647 2039 infinitiooe
676 1981 773 2038 futuu'
803 1983 834 2038 et
862 1981 967 2040 aoristi
995 1981 1080 2039 iuxta
1107 1983 1232 2054 ponunt.
1276 1980 1322 2038 Ne

148 2082 250 2138 autem
274 2079 321 2138 oui
347 2079 520 2155 scrupulum
549 2082 686 2139 moveret
709 2078 755 2136 III
780 2081 831 2152 96,
857 2080 873 2135 1
904 2074 1033 2156 χρησθὲν
1060 2072 1140 2162 αὐτῷ
1167 2076 1200 2138 ἐν
1222 2076 1323 2162 Νεμέᾳ

87 2191 88 2194 ’
144 2178 229 2236 τοῦτο
248 2179 359 2235 παθεῖν
378 2177 541 2251 prudenter
560 2177 639 2237 eavit
658 2176 828 2252 Madvigius
849 2176 924 2237 Adv.
944 2177 1009 2236 orit.
1029 2177 1044 2234 Ι
1062 2198 1090 2253 p.
1108 2180 1180 2254 176,
1199 2197 1322 2238 monens

147 2277 220 2353 χρῆν
239 2275 364 2334 verbum
382 2275 583 2350 praecipiendi
603 2276 764 2349 notionem,
783 2294 801 2331 a
820 2293 880 2351 qua
895 2275 1064 2350 profectum
1083 2276 1131 2349 sit,
1150 2269 1323 2357 retinere.¹)

236 2371 294 2431 Sed
312 2392 350 2431 ne
369 2375 536 2447 praesentis
556 2375 677 2449 quidem
694 2375 793 2433 nudus
812 2373 977 2433 infinitivus
1001 2374 1120 2433 omnino
1143 2391 1197 2449 pro
1220 2373 1322 2433 futuro

143 2487 213 2530 'esse
231 2473 340 2546 potest.
367 2470 446 2529 Nam
465 2473 637 2547 corruptela
654 2473 792 2530 laborare
811 2471 939 2530 vidimus
958 2472 972 2529 I
989 2474 1061 2547 127,
1078 2475 1105 2531 1.
1129 2471 1203 2529 VIII
1224 2475 1274 2546 27,
1294 2475 1323 2532 3.

147 2569 184 2626 ln
206 2587 317 2644 magna
340 2570 544 2643 exemplorum
567 2570 652 2644 eopia
676 2589 767 2628 unum
789 2568 948 2644 praeter'l
970 2571 1042 2642 127,
1066 2572 1082 2627 1
1110 2571 1157 2628 e'st
1177 2569 1232 2627 ubi
1254 2573 1324 2644 post

148 2664 276 2742 νομίζειν
313 2685 379 2724 eam
415 2666 468 2724 ille
503 2666 565 2726 vim
602 2667 728 2743 babeat,
770 2670 823 2727 sed
859 2668 971 2727 nullius
1007 2686 1131 2742 prorsus
1168 2668 1330 2727 momenti:-

146 2761 190 2820 IV
215 2765 287 2837 127,
319 2767 334 2822 1
365 2762 535 2841 νομίσαντες
564 2758 686 2844 φεύγειν
712 2787 741 2826 τε
764 2760 857 2826 αὐτόν
879 2763 929 2825 καὶ
952 2759 1165 2844 καταλαβόντες
1188 2764 1322 2840 διαφθεί-
1415 2780 1419 2788 ·

148 2880 224 2937 ρειν,
253 2861 305 2918 ubi
334 2860 510 2938 διαφθερεῖν
533 2862 693 2937 legendum
718 2883 782 2924 esse
806 2863 838 2922 in
861 2866 965 2938 aperto
989 2863 1042 2940 sit,
1070 2863 1177 2922 deinde
1200 2882 1323 2938 prorsus

148 2959 302 3034 'singulare
325 2962 372 3018 est
394 2958 440 3016 ΙΙΙ
465 2960 515 3035 95,
542 2963 557 3018 1
585 2953 711 3020 ἐδόκουν
733 3007 769 3020 ..
800 2954 1001 3038 ξυστρατεύειν
1029 2953 1062 3039 (l.
1090 2953 1323 3039 ξοστρατεόσειν)

147 3048 166 3133 ἢ
190 3043 248 3114 κόν
276 3056 327 3137 βίᾳ
354 3059 577 3136 προσαχθῆναι,
607 3078 674 3118 oum
703 3060 779 3118 alius
809 3061 892 3119 loeus
921 3058 973 3117 ubi
1001 3061 1071 3134 post
1099 3057 1199 3118 δοκεῖν
1226 3059 1323 3117 infini-

148 3154 228 3213 tivus
261 3155 429 3229 praesentis
462 3155 558 3214 futuri
595 3155 655 3216 vim
692 3157 803 3217 babeat
838 3176 898 3216 non
930 3158 1035 3215 exstet.
1090 3156 1202 3214 Eodem
1235 3157 1323 3216 modo

149 3251 313 3310 sanandum
346 3255 393 3311 est
421 3252 496 3310 VIII
526 3255 581 3328 75,
615 3257 633 3312 2
666 3251 802 3332 πολέμιοί
826 3277 854 3315 τε
887 3252 1006 3314 ἔσεσθαι
1037 3250 1087 3312 καὶ
1119 3248 1324 3332 ἐπικηρυκεύε-

148 3353 221 3428 σθαι
258 3341 294 3430 (l.
327 3344 630 3431 ε’πικηρνκεόσεσθαι)
668 3355 699 3411 et
729 3353 775 3410 Ill
810 3354 865 3429 52,
906 3356 939 3426 2,
978 3371 1066 3427 quem
1103 3352 1200 3411 locum
1233 3371 1325 3427 supra

149 3448 320 3523 attulimus,
347 3441 484 3508 κολοίσειν
510 3449 728 3525 corrigendum.
764 3450 809 3510 III
835 3452 885 3526 66,
911 3452 929 3510 3
953 3442 1007 3526 τὴν
1034 3445 1100 3527 περὶ
1128 3441 1226 3508 αὐτῶν
1252 3442 1324 3527 ἡμῖν
1413 3500 1415 3505 .

149 3539 188 3624 μὴ
221 3546 343 3606 κτείνειν
376 3551 563 3622 ψευσθεῖσαν
592 3540 752 3628 ὑπόσχεσιν
779 3547 899 3606 defendi
926 3547 1046 3622 quidem
1074 3550 1175 3622 potest
1202 3547 1325 3608 κτείνειν

146 3645 252 3720 eadem
276 3645 391 3704 ratione
414 3664 474 3720 qua
497 3665 588 3721 supra
607 3646 650 3703 VI
672 3649 723 3722 87,
747 3649 768 3706 4
792 3645 897 3705 aoristi
919 3641 1102 3706 infinitivum
1120 3649 1189 3721 post
1206 3640 1324 3706 ὑπεῖναι

149 3738 253 3805 ε’λπίδα
271 3742 494 3820 explicavimus
513 3744 564 3801 sed
583 3744 768 3818 probabilius
789 3745 907 3805 videtur
926 3748 1038 3802 κτενεῖν
1056 3743 1222 3820 emendare,
1241 3763 1324 3820 prae·

150 3838 254 3898 sertim
278 3857 344 3897 eum
368 3831 591 3917 ὑπισχνεῖσθαι,
617 3842 643 3900 si
666 3842 843 3916 promittere
866 3844 920 3915 est,
944 3860 1064 3916 semper
1087 3860 1153 3900 eum
1175 3842 1323 3903 infinitivo
1394 3874 1397 3879 ·

149 3936 245 3995 futmi
267 3937 419 4012 iungatur.
466 3937 628 4012 Perperam
650 3938 744 4014 igitur
768 3937 927 3998 Classenus
950 3937 966 3995 I
989 3939 1040 4013 82,
1065 3941 1085 3996 4
1112 3931 1151 4016 μη
1175 3933 1324 4021 palpellio

151 4056 177 4093 τι
205 4032 343 4112 νομίσητε
370 4028 425 4112 την
451 4036 510 4115 γῆν
537 4028 636 4095 αὐτῶν
664 4027 684 4113 ἢ
714 4029 827 4115 όμηρον
859 4033 935 4115 ἔχειν
966 4035 1004 4094 ad
1036 4038 1171 4096 futurum
1203 4040 1323 4113 tempus

224 4206 249 4272 1)
276 4204 345 4258 Cum
374 4205 413 4259 dii
441 4224 591 4276 eorumque
620 4209 698 4262 vatos
727 4207 801 4276 quod
827 4208 950 4263 futurum
974 4224 1034 4261 esse
1059 4205 1242 4276 praesagiunt
1264 4207 1325 4261 fieri

152 4285 277 4353 iubeant,
297 4285 382 4340 etiam
398 4286 505 4340 adalia
522 4287 695 4342 vaticinandi
713 4289 806 4355 verba,
825 4291 857 4342 ut
874 4290 949 4342 reete
968 4289 1065 4341 monet
1078 4285 1179 4352 Madv,
1197 4284 1244 4340 hie
1258 4304 1324 4341 usus
1431 4340 1435 4347 ,

151 4365 323 4432 transfertur,
344 4382 431 4434 eoque
452 4366 666 4435 explicationem
686 4369 791 4422 babent
804 4368 885 4422 Hom.
901 4367 931 4424 ll.
949 4366 1014 4420 Xlll
1034 4372 1093 4420 667.
1118 4367 1216 4420 Aesoh.
1233 4367 1322 4422 Prom.

153 4449 212 4498 667.
238 4444 302 4498 Eur.
321 4443 425 4501 Phoen.
446 4451 523 4500 1597.
549 4446 608 4514 lph.
628 4447 658 4501 T.
680 4453 756 4503 1014.
