3104 5078
667 317 883 380 ..26-

188 485 365 563 graphicum
394 503 485 559 supra
517 484 650 542 allatum.
703 482 892 557 Thucydides
925 485 1025 541 autem
1058 482 1131 541 adeo
1164 502 1223 542 non
1254 484 1367 544 vitavit

188 583 409 645 coniunctivum
436 584 505 656 post
533 575 614 652 ὅπως
641 580 672 638 in
701 579 864 640 enuntiatis
890 581 1011 656 proprie
1039 580 1201 655 finalibus,
1225 582 1243 641 i.
1271 601 1296 642 e.
1324 583 1366 643 iis

188 700 264 758 quae
291 700 352 740 non
380 699 398 739 a
425 679 517 739 verbo
545 678 670 737 curandi
696 678 745 738 vel
774 679 949 753 providendi
976 678 1119 755 pendent,
1147 682 1182 738 ut
1208 681 1304 739 futuri
1331 682 1368 741 in

188 779 300 840 talibus
327 779 444 837 nullum
472 778 552 853 apud
581 797 649 836 eum
678 780 775 837 exstet
808 778 975 852 exemplum
1008 777 1087 853 qued
1119 777 1243 853 quidem
1276 779 1366 840 libris

188 878 442 940 consentientibus
462 875 608 934 traditum
628 876 675 936 sit.
711 876 790 933 Nam
810 874 868 933 VII
887 877 938 952 32,
959 879 974 933 1
1001 874 1110 946 Νικίας
1132 868 1367 955 προπυθόμενος

188 975 294 1055 πέμπει
327 972 356 1047 ἐς
387 977 446 1033 τῶν
474 975 607 1033 Σικελῶν
637 967 707 1045 τούς
738 966 793 1050 τὴν
826 971 928 1032 δίοδον
956 969 1075 1051 ἔχοντας
1099 1018 1105 1031 .
1129 1019 1136 1032 .
1160 1016 1182 1048 .,
1212 968 1294 1045 ὅπως
1321 969 1365 1053 μὴ

189 1068 374 1153 διαφρύσοοσι
392 1065 462 1144 τοὺς
480 1071 649 1148 πολεμίους,
668 1064 741 1132 ἆλλύι
760 1066 970 1147 ξυστραφέντες
992 1062 1145 1129 κωλύσωσι
1168 1069 1297 1130 διελθεῖν
1312 1073 1366 1149 M,

188 1175 238 1251 qui
271 1174 352 1233 solus
385 1190 488 1233 veram
521 1170 700 1246 scripturam
736 1169 881 1242 servavit,
918 1168 1138 1229 coniunctivum
1175 1162 1366 1247 διοφρήσωσι

187 1274 278 1332 habet
311 1264 434 1351 (reliqui
462 1260 644 1345 δικφήσονσι
671 1272 792 1345 praeter
820 1260 970 1344 ἀφήσουσι
999 1268 1050 1326 Ar.
1080 1266 1147 1326 Chr.
1176 1259 1240 1347 K),
1273 1287 1365 1343 quem

187 1390 292 1430 vorum
312 1387 378 1429 esse
397 1386 431 1426 eo
450 1366 644 1425 confirmatur
662 1367 742 1442 quod
762 1367 793 1425 in
816 1367 911 1425 altero
935 1365 1084 1424 enuntiati
1106 1365 1203 1424 finalis
1227 1367 1364 1426 membro

186 1462 340 1529 κωλύσωσι
363 1466 469 1542 optimi
491 1465 561 1524 libri
584 1466 621 1524 It.
646 1465 714 1526 Vet.
737 1465 825 1524 Laur.
849 1463 928 1540 Aug.
952 1465 992 1523 M.
1015 1483 1053 1524 m.
1077 1464 1208 1522 tuentur.
1242 1463 1365 1522 Pariter

187 1567 245 1625 VII
269 1568 320 1640 39,
346 1569 363 1623 2
393 1557 521 1623 κελεύειν
549 1556 593 1622 ὅτι
621 1555 737 1640 τάχιστοι
764 1555 819 1639 τὴν
846 1554 960 1641 ἆγορᾶν
982 1554 1214 1639 μεταστήσοντος
1236 1557 1285 1619 ε’πλ
1306 1555 1364 1639 τὴν

186 1659 343 1724 θάλασσαν
360 1661 478 1740 κομίσαι
499 1701 561 1733 ...,
581 1654 663 1732 ὅπως
682 1704 733 1721 ...
752 1653 1033 1739 ἆριστοποιήσωντοιι
1056 1657 1106 1719 κοιλ
1125 1653 1165 1718 δι’
1186 1652 1287 1739 ὀλίγον
1307 1704 1335 1719 ..
1354 1702 1361 1716 .

187 1761 351 1839 ἐπιχειρῶσι
375 1759 592 1820 coniunchvum
615 1751 897 1836 ύριστοποιήσωνιαι
919 1757 989 1818 Vas.
1013 1759 1076 1818 Pal.
1100 1758 1188 1816 Laui.
1215 1779 1253 1817 m.
1276 1777 1363 1834 prae·

188 1862 259 1919 bent
281 1860 319 1918 ad
342 1856 508 1937 ἐπιχειρῶσι
531 1857 810 1917 convenientiorem.
856 1855 893 1915 In
916 1857 962 1916 his
985 1857 1081 1933 igitur
1104 1857 1266 1916 enuntiatis
1289 1857 1363 1915 fina-

187 1959 265 2018 libus
293 1977 361 2017 cum
388 1956 593 2016 coniunctivus
623 1956 733 2032 ubique
761 1955 969 2015 rescribendus
998 1955 1051 2033 sit,
1079 1955 1111 2013 in
1138 1954 1261 2030 reliquis
1285 1956 1362 2030 opti-

186 2078 302 2117 morum
332 2056 483 2131 sequenda
511 2057 557 2113 est
584 2053 729 2113 librorum
756 2053 929 2113 auctoritas.
981 2053 1023 2112 Ut
1055 2056 1156 2111 autem
1184 2046 1265 2124 ὅπως
1293 2071 1361 2111 oum

186 2156 266 2214 nudo
285 2153 473 2214 coniunctivo
491 2153 620 2228 iungens
640 2152 731 2211 sicin
751 2151 908 2210 sententiis
922 2151 1042 2226 proprie
1056 2151 1196 2226 finalibus
1215 2152 1361 2225 futurum,

187 2255 265 2329 quod
284 2254 315 2311 in
333 2253 440 2312 iisdem
460 2252 539 2327 apud
558 2251 688 2327 tragicos
707 2251 895 2310 rarissimum
914 2252 968 2324 est,
992 2250 1151 2309 excludens
1171 2250 1360 2326 Thucydides

187 2354 313 2412 maxime
336 2352 374 2410 ad
397 2351 580 2426 tragicorum
603 2368 692 2408 usum
715 2369 747 2408 se
770 2350 945 2426 applicavit,
974 2349 1025 2408 sed
1054 2349 1098 2408 ita
1120 2349 1155 2406 ut
1177 2348 1209 2407 in
1231 2351 1359 2424 utroque

186 2469 296 2527 genere
320 2450 411 2508 etiam
436 2449 615 2508 severiorem
639 2465 670 2506 se
694 2448 888 2522 praestiterit.

275 2545 349 2604 (lum
373 2545 469 2621 igitur
491 2544 521 2602 in
546 2544 726 2604 coniunctivi
749 2544 847 2604 finalis
873 2564 928 2604 usu
957 2563 1097 2620 magnam
1121 2543 1306 2620 Thucydidei
1329 2550 1362 2605 ot

186 2645 293 2721 tragici
322 2643 466 2703 sermonis
494 2641 673 2701 affinitatem
701 2643 916 2720 invenerimus,
944 2643 1036 2701 etiam
1064 2642 1187 2719 reliquis
1211 2643 1283 2702 leole
1307 2645 1361 2702 ubi

187 2747 292 2802 contre
314 2759 500 2802 communem
523 2738 693 2798 Atticorum
717 2741 833 2800 dicendi
855 2740 1099 2801 consuetudinem
1122 2732 1161 2798 ῶν
1184 2760 1203 2798 a
1225 2740 1360 2799 coniunc-

186 2843 248 2901 ttvo
277 2841 363 2900 abest
390 2859 426 2899 ex
453 2838 635 2914 tragicorum
663 2839 790 2898 dictione
813 2839 933 2899 videtur
956 2838 1174 2899 decernendum
1198 2857 1264 2898 esse
1287 2858 1360 2898 num

185 2940 330 2998 librorum
357 2936 500 2995 memoria
529 2938 675 2998 servanda
703 2937 751 2996 sit.
801 2938 866 2996 Iam
895 2958 966 2998 vero
994 2952 1069 2997 cum¹
1088 2936 1252 2996 identidem
1280 2939 1360 3012 apud

186 3036 390 3111 Thucydidem
418 3030 499 3113 μέχρι
528 3023 564 3095 οὗ
593 3054 659 3094 oum
687 3035 766 3094 nudo
797 3037 984 3097 coniunctivo
1016 3038 1136 3112 legatur
1169 3028 1229 3115 (ΙΙΙ
1255 3037 1305 3109 28,
1330 3038 1358 3095 2.

186 3134 228 3193 IV
255 3136 304 3208 16,
330 3136 358 3192 2.
391 3135 443 3210 41,
469 3137 495 3192 1.
530 3136 581 3206 46,
605 3124 640 3212 3)
671 3135 701 3190 et
728 3135 831 3192 eodem
860 3135 947 3194 modo
976 3131 1056 3213 μέχρι
1084 3134 1100 3191 Ι
1131 3136 1201 3206 137,
1231 3136 1248 3191 2
1278 3129 1360 3212 μέχρι

185 3234 277 3305 πλοῦς
304 3228 437 3311 γένηται,
465 3251 525 3290 non
553 3231 657 3290 dubito
686 3231 759 3306 quin
786 3233 841 3292 hoo
869 3235 907 3292 ab
934 3235 999 3308 ipso
1024 3233 1168 3309 scriptore
1192 3233 1359 3308 profectum

186 3333 239 3407 sit,
267 3352 333 3391 cum
358 3331 447 3406 Soph.
472 3330 548 3389 Phil.
575 3333 647 3389 764.
677 3331 781 3390 Trach.
808 3332 879 3390 148.
907 3332 955 3390 Ai.
980 3333 1043 3390 555
1072 3333 1146 3390 item
1168 3327 1223 3402 ἕως
1245 3332 1359 3389 nudum

186 3429 407 3488 coniunctivum
435 3448 535 3488 secum
560 3430 682 3502 habeat,
711 3447 807 3504 neque
830 3428 978 3488 assentior
1002 3427 1035 3488 L.
1058 3427 1226 3502 Dindorfio,
1253 3429 1304 3505 qui
1328 3429 1359 3488 in

186 3527 279 3603 prael.
308 3527 345 3584 ad
368 3526 455 3585 Diod.
478 3525 493 3582 Ι
521 3547 549 3602 p.
572 3526 687 3584 XXVII
715 3530 837 3586 auctore
860 3527 1040 3585 Schneidero
1068 3526 1107 3583 ad
1130 3526 1256 3586 Aristot.
1279 3528 1357 3586 Hist.

186 3645 232 3684 an.
261 3626 317 3684 vol.
346 3624 390 3681 IV
418 3645 446 3700 p.
476 3627 538 3683 169
568 3621 649 3703 μέχρι
676 3619 752 3683 dol
783 3629 854 3700 137,
884 3629 902 3684 2
935 3624 1153 3683 restituendum
1181 3644 1246 3683 esse
1275 3625 1358 3686 dixit.

186 3722 298 3782 Eodem
322 3723 409 3782 modo
433 3722 594 3800 apiacum
617 3725 696 3782 nudo
721 3724 920 3797 coniunctivo,
945 3723 1025 3799 quod
1048 3722 1091 3778 VI
1118 3724 1167 3799 10,
1191 3724 1218 3781 5.
1253 3725 1304 3798 29,
1329 3727 1358 3783 2.

188 3825 238 3897 38,
264 3826 290 3880 2.
323 3822 398 3880 VIII
423 3825 451 3896 9,
477 3827 503 3881 l.
529 3827 547 3882 3
572 3824 695 3898 legitur,
723 3826 847 3881 tuentur
871 3821 960 3897 Soph.
984 3821 1061 3879 Phil.
1088 3823 1159 3880 917.
1188 3820 1259 3880 Ant.
1285 3823 1358 3882 619.

187 3921 293 3978 Trach.
313 3921 386 3981 698.
409 3920 457 3980 Ai.
478 3922 549 3980 742.
571 3924 644 3981 965.
669 3920 808 3981 Eu1·.Or.
830 3923 925 3979 1218.
958 3920 1062 3994 Neque
1080 3918 1177 3994 magis
1202 3920 1358 3994 suspectus

185 4017 282 4079 videri
312 4018 401 4077 debet
433 4017 513 4076 idem
544 4019 648 4079 modus
679 4022 748 4094 post
780 4037 943 4095 prenomen
975 4017 1135 4076 relativum
1167 4016 1210 4072 IV
1245 4019 1295 4093 17,
1328 4018 1356 4075 2.

190 4120 238 4192 18,
267 4119 297 4190 4,
329 4135 418 4192 quem
453 4115 579 4174 eundem
612 4117 705 4176 hahes
737 4117 768 4175 in
800 4116 906 4175 Aesch.
936 4115 1021 4175 Ilum.
1052 4118 1124 4175 211.
1157 4116 1264 4190 fragm.
1294 4116 1356 4173 238

187 4207 301 4294 (Dind.)
333 4212 420 4289 Soph.
446 4212 506 4271 OIt.
532 4216 625 4271 1231.
659 4214 764 4272 Trach.
789 4216 861 4274 251.
895 4214 1002 4290 fragm.
1029 4217 1105 4290 7213
1134 4214 1165 4272 et
1192 4213 1271 4290 quod
1300 4233 1357 4274 uno

186 4313 263 4388 leco,
289 4311 340 4386 qui
363 4314 410 4370 est
434 4311 478 4368 VI
503 4314 553 4385 21,
579 4315 595 4370 1
621 4311 648 4370 εἰ
669 4311 821 4388 ξυσιῶσιν,
844 4313 1047 4373 consentiente
1070 4313 1215 4371 librorum
1237 4313 1359 4386 praeter

186 4427 295 4484 paucos
319 4408 495 4469 deterrimos
520 4409 663 4468 memoria
686 4408 713 4468 εἰ
734 4428 800 4468 cum
824 4409 903 4468 nudo
927 4409 1114 4470 coniunctivo
1137 4409 1256 4484 legitur,
1279 4407 1358 4484 quod
