3104 5078
716 332 934 394 -142-

236 497 320 554 ouius
344 497 408 572 ipse
432 497 554 555 effectus
577 496 660 556 nullo
682 496 824 571 temporis
844 499 983 572 respectu
1002 496 1170 556 declaretur
1189 515 1256 555 cum
1275 495 1308 557 ἐν
1325 517 1414 575 prae-

235 594 384 669 positione
413 594 569 653 enuntia'ta
596 613 633 652 ne
660 593 728 669 ipse
755 593 876 668 quidem
905 595 942 653 ad
971 597 1085 653 certum
1113 595 1262 670 quoddam
1292 597 1412 672 tempus

236 693 394 752 referatur.
440 692 524 751 Nihil
552 693 631 751 enim
660 689 847 766 significatur
871 691 931 751 nisi
954 692 1023 768 quid
1048 693 1080 750 in
1103 711 1139 754 ea
1161 713 1194 752 re
1217 695 1350 770 positum
1374 696 1413 755 sit

236 790 298 849 sive
327 791 481 850 consistat.
528 789 642 849 01111
667 791 718 864 10,
744 793 759 846 1
792 785 825 847 ἐν
850 781 906 867 γάρ
929 791 969 871 τῷ
992 783 1197 849 διαλλάσσοντι
1218 793 1270 868 τῆς
1293 786 1413 870 γνάμης

235 884 286 946 καὶ
308 887 342 945 αι’
362 885 505 967 διαφοραί
527 891 586 948 τῶν
609 886 703 968 έρχων
722 886 923 946 καθίστανται.
961 887 1074 945 Eadem
1093 888 1302 964 interpretatio
1322 892 1413 950 etiam
1468 895 1469 899 ’

238 985 250 1042 Ι
276 988 349 1061 121,
373 989 393 1045 4
422 988 519 1046 locum
542 986 647 1059 habet,
675 1004 742 1045 cum
768 985 810 1043 ibi
834 1004 951 1062 quoque
975 1003 1083 1044 causae
1105 1005 1159 1061 per
1183 1007 1214 1046 se
1238 989 1411 1048 enuntiatae

236 1083 318 1141 solus
343 1084 465 1143 effeetus
489 1084 647 1145 indicetur.
688 1083 789 1160 Atque
812 1083 867 1142 hoo
890 1081 1009 1142 nomine
1032 1084 1105 1142 haee
1129 1085 1190 1143 tria
1213 1087 1350 1161 exempla
1372 1086 1410 1145 ab

237 1181 373 1240 omnibus
401 1181 520 1241 diversa
548 1185 619 1240 sunt
646 1180 677 1239 in
705 1180 813 1257 quibus
844 1200 935 1255 supra
967 1200 985 1238 a
1014 1181 1146 1240 librariis
1179 1187 1311 1242 erratum
1345 1203 1412 1244 esse

236 1277 477 1352 significavimus.
528 1279 636 1337 Restat
667 1297 759 1336 unum
792 1278 948 1337 indicativi
980 1280 1147 1354 praesentis
1181 1282 1350 1357 exemplum
1381 1282 1412 1339 in

234 1395 293 1450 quo
322 1395 427 1436 revera
454 1378 491 1434 ad
520 1376 657 1434 futurum
685 1378 804 1451 tempus
827 1376 935 1450 respici
958 1376 990 1433 in
1013 1378 1172 1451 propatulo
1197 1379 1245 1436 sit.
1291 1378 1411 1437 Etenim

235 1472 279 1529 IV
299 1476 349 1548 10,
375 1476 393 1533 3
417 1477 470 1534 τοῦ
495 1521 501 1534 .
525 1521 532 1533 .
557 1521 563 1532 .
587 1474 697 1552 χωρίου
720 1466 752 1532 τό
776 1469 960 1550 δυσέμβατον
983 1519 990 1531 .
1011 1519 1020 1553 .
1045 1517 1052 1531 .
1075 1467 1225 1551 μενόντων
1248 1470 1301 1550 μὲν
1324 1467 1410 1552 ἡμῶν

235 1565 387 1650 ξύμμαχον
409 1571 547 1650 γίγνεται,
571 1563 778 1648 ὑποχωρήσασι
800 1566 832 1629 δὲ
850 1570 955 1648 καίπερ
973 1565 1101 1649 χαλεπὸν
1119 1563 1155 1630 όν
1175 1566 1304 1648 εὔπορον
1322 1570 1412 1647 ἔσται,

236 1667 382 1744 quidquid
404 1669 557 1745 ceteroqui
580 1669 617 1726 de
640 1669 697 1726 loci
719 1667 895 1744 integritate
921 1668 1084 1745 iudicatur,
1113 1687 1254 1743 praesens
1282 1668 1410 1748 γίγνεται

236 1768 267 1824 et
294 1765 431 1824 futurum
458 1763 535 1825 ἔσται
563 1766 607 1824 ita
634 1765 714 1822 inter
743 1783 773 1823 se
802 1766 974 1824 referuntur
1001 1769 1036 1825 ut
1064 1767 1102 1824 ad
1130 1767 1207 1825 idem
1234 1771 1352 1842 tempus
1377 1786 1412 1825 ea

236 1863 387 1937 pertinere
415 1864 521 1940 negari
548 1866 684 1938 nequeat.
732 1863 831 1936 Atque
859 1864 935 1922 hanc
962 1865 1128 1939 praesentis
1155 1863 1284 1943 γίγνεται
1308 1865 1410 1923 futuro

235 1958 314 2019 ἔσται
345 1962 553 2037 respondentis
585 1961 847 2022 inconcinnitatem
883 1954 951 2039 (τὴν
982 1955 1062 2039 παρὰ
1094 1956 1163 2033 τούς
1193 1956 1321 2039 χρόνους
1351 1965 1411 2021 τῶν

236 2050 375 2137 ῥημάτων
403 2057 600 2137 ἐκβεβηκυῖαν
627 2054 659 2119 τὸ
692 2053 873 2135 κατάλληλον
901 2053 1025 2139 φράσιν)
1049 2061 1171 2135 Dionys.
1200 2061 1269 2120 Hal.
1292 2081 1320 2136 p.
1346 2063 1407 2120 801

236 2151 296 2234 (ed.
312 2149 436 2235 Remis.)
460 2158 635 2233 vituperans
659 2158 706 2216 his
731 2140 831 2215 verbis
854 2158 1036 2232 designavit:
1057 2150 1097 2217 -τὸ
1125 2153 1179 2234 μέν
1203 2150 1260 2234 γάρ
1282 2157 1411 2236 γίγνεται

234 2256 286 2313 τοῦ
316 2247 463 2329 παρόντος
494 2252 567 2328 ε’στί,
600 2249 632 2314 τὸ
665 2250 697 2313 δὲ
730 2253 808 2313 ἔσται
838 2257 891 2313 τοῦ
921 2252 1074 2331 μέλλοντος
1101 2248 1209 2332 χρόνου
1239 2250 1409 2331 δηλωτικόν.

236 2349 312 2408 Cum
335 2352 390 2409 hoc
410 2355 513 2410 autem
538 2353 604 2410 loeo
629 2352 848 2427 componendus
872 2355 919 2409 est
943 2352 1132 2411 Herodoteus
1152 2353 1210 2409 VH
1231 2354 1294 2411 236
1315 2352 1410 2414 εί...

218 2449 402 2525 ’τριηκοσίας
430 2441 528 2528 (νέας)
556 2442 743 2526 άποπέμψεις
771 2439 947 2527 περιπλώειν
980 2443 1222 2527 Πελοπόννησον,
1258 2442 1413 2529 ἀξιόμαχοί

234 2566 278 2604 τοι
301 2545 433 2624 γίνονται
456 2546 487 2606 oi
508 2539 674 2605 άντίπαλοι·
699 2538 771 2623 άλης
795 2542 828 2604 δὲ
850 2541 908 2606 έολν
931 2539 947 2606 ὃ
970 2541 1108 2619 ναυτικὸς
1130 2541 1250 2625 στρατὸς
1269 2546 1408 2625 δυσμετα-

111 2649 115 2656 ’
235 2639 374 2721 χείριστός
401 2665 430 2703 τε
458 2638 570 2704 αότοῖσι
598 2643 707 2723 γίνεται
734 2641 783 2702 καί
815 2638 909 2722 άρχην
941 2635 996 2703 oria
1028 2639 1184 2724 ἀξιόμαχοί
1210 2668 1254 2705 τοι
1284 2643 1409 2720 ἔσονται,

235 2741 286 2799 ubi
308 2740 440 2820 γίνονται
464 2742 597 2801 eiusdem
621 2743 764 2819 temporis
789 2745 835 2801 est
857 2746 948 2818 atque
967 2736 1163 2821 ἀποπέμψεις,
1185 2743 1296 2822 γίνεται
1315 2744 1408 2803 simil·

234 2840 303 2897 lime
322 2843 412 2915 atque
431 2841 460 2898 in
481 2842 545 2900 loco
565 2840 759 2915 Thucydideo
780 2838 913 2898 eiusdem
932 2839 1015 2898 cuius
1034 2838 1158 2903 tuomet:
1191 2840 1289 2901 Causa
1307 2845 1407 2900 autem

235 2958 288 2996 cur
311 2938 341 2995 id
364 2941 445 3014 quod
468 2939 502 2997 fit
524 2940 581 2998 hoc
604 2939 691 2997 modo
715 2939 799 2997 iuxta
821 2939 951 3013 ponatur
974 2938 1002 2996 ei
1025 2929 1103 3015 quod
1127 2939 1185 2998 erit
1207 2959 1244 2997 ex
1267 2939 1312 2997 his
1334 2939 1407 3013 ipsis

235 3036 308 3095 locis
336 3039 418 3095 certo
446 3036 643 3113 cognoscitur.
693 3034 778 3104 Quod
806 3036 884 3093 enim
911 3036 946 3094 fit
973 3055 1033 3096 non
1060 3041 1119 3112 est,
1151 3039 1203 3096 sed
1232 3038 1297 3096 erit.
1347 3037 1406 3095 Res
1450 3081 1456 3090 .

234 3134 446 3209 comprobatur
473 3137 569 3194 altero
600 3135 665 3192 loeo
694 3133 864 3193 Herodoteo
893 3134 952 3191 VII
982 3137 1032 3208 10,
1061 3137 1079 3193 2
1114 3137 1238 3212 scripto:
1267 3128 1308 3213 ἢν
1337 3181 1344 3195 .
1369 3182 1374 3194 .
1400 3182 1406 3195 .

234 3225 406 3310 νικήσαντες
428 3231 576 3313 ναυμαχίη
599 3222 720 3290 πλάωσι
742 3228 772 3302 ἐς
794 3224 847 3290 τόν
865 3223 1082 3307 Ἑλλήσποντον
1100 3229 1149 3291 καί
1167 3229 1278 3292 ἔπειτεν
1297 3224 1408 3293 λάσωσι

234 3323 288 3406 τὴν
306 3326 449 3409 γέφυραν,
473 3332 557 3390 τοῦτο
577 3324 625 3407 δή,
649 3330 779 3406 βασιλεῦ,
802 3329 910 3408 γίνεται
932 3322 1041 3402 δεινόν,
1065 3329 1118 3387 ubi
1135 3348 1190 3405 pro
1208 3329 1318 3408 γίνεται
1336 3331 1407 3389 licet

232 3425 311 3504 ἔσται
349 3430 542 3489 substituere.
595 3429 700 3504 Neque
734 3428 823 3485 aliter
855 3426 1097 3500 interpretandus
1129 3430 1176 3484 est
1206 3427 1328 3501 Antiph.
1361 3427 1406 3485 ΙΙΙ

233 3548 251 3604 χ
277 3528 330 3584 11;
358 3520 570 3604 καταλαβόντες
598 3521 651 3602 μὲν
677 3519 734 3604 γάρ
762 3517 853 3583 αὐτὸν
879 3570 884 3582 .
910 3570 915 3582 .
940 3569 946 3582 .
976 3521 1105 3601 καθαροί
1133 3525 1191 3583 τῶν
1219 3519 1406 3603 ἐγκλημάτων

233 3619 347 3699 ἔσεσθε,
364 3617 564 3696 ἀπολύσαντες
578 3620 610 3683 δὲ
625 3616 963 3696 caeterorummetum,
977 3640 1045 3681 cum
1059 3621 1259 3681 καθίστασθαι
1273 3624 1406 3698 proxime

233 3721 270 3777 ad
298 3720 453 3801 γίγνεσθαι
480 3723 565 3783 verbi
593 3721 771 3781 sententiam
802 3719 931 3778 accedat.
955 3702 959 3718 ⁴
982 3719 1071 3777 Patet
1098 3723 1200 3778 eutem
1227 3720 1307 3781 hunc
1333 3722 1406 3780 indi-

233 3818 324 3878 cativi
354 3822 521 3894 praesentis
553 3840 641 3880 usum
674 3838 761 3896 posse
794 3817 939 3894 applicari
974 3819 1065 3876 etiam
1097 3818 1231 3877 eiusdem
1263 3821 1406 3893 temporis

232 3915 387 3976 infinitivo.
419 3919 520 3993 Atque
539 3920 595 3978 hoc
613 3922 719 3993 quater
738 3918 817 3993 apud
837 3916 1041 3992 Thucydidem
1062 3916 1175 3974 factum
1194 3920 1253 3975 est:
1272 3916 1303 3974 ΙΙ
1318 3918 1370 3993 84,
1386 3920 1404 3974 2

232 4011 283 4073 καὶ
311 4020 365 4092 την
394 4012 572 4094 ἐπιχείρησιν
599 4008 649 4092 ἐφ’
675 4011 769 4097 ἑαυτῷ
796 4035 826 4073 τε
849 4008 980 4091 ἐνόμιζεν
1002 4004 1092 4087 εἶναι,
1121 4002 1231 4072 ὁπόταν
1253 4006 1404 4090 βούληται,

233 4159 267 4172 ..
289 4160 294 4171 .
313 4110 363 4171 καί
385 4106 448 4172 τότε
470 4112 625 4190 καλλίστην
647 4113 815 4192 γίγνεσθαι,
838 4112 884 4170 ΙΙΙ
904 4114 955 4185 92,
979 4112 999 4168 4
1023 4109 1060 4170 oi·
1076 4105 1307 4189 Λακεδαιμόνιοι
1329 4105 1404 4191 μνιό-

234 4233 293 4287 μηυ
313 4203 392 4290 εἶχον
409 4204 464 4289 τὴν
482 4204 623 4278 άποικίαυ
641 4207 808 4288 ἐκπέμπειν,
831 4209 891 4281 τοῖς
913 4230 942 4267 τε
967 4209 1134 4287 Τραχινίοις
1157 4204 1333 4288 βουλόμενοι
1355 4208 1404 4270 καί

233 4312 293 4379 τοῖς
325 4311 471 4387 Δωριεῦσι
504 4312 648 4386 τιμωρεῖν.
701 4305 751 4367 καί
782 4303 843 4385 άμα
874 4309 926 4366 τοῦ
958 4302 1032 4384 πρὸς
1061 4300 1242 4384 Ἀθηναίους
1273 4305 1405 4386 πολέμου

234 4409 331 4478 καλῶς
354 4401 455 4479 αὐτοῖς
477 4401 573 4467 ἐδόκει
594 4399 614 4484 ἡ
637 4397 722 4478 πόλις
744 4406 958 4480 καθίστασθαι,
986 4404 1029 4462 IV
1054 4407 1083 4481 9,
1107 4407 1126 4464 3
1153 4400 1220 4465 οὔτε
1242 4399 1298 4485 γάρ
1317 4401 1404 4466 αὐτοὶ
