3104 5078
764 1239 791 1311 Ι.

279 1397 461 1459 Luculenter
475 1399 655 1475 Madvigius,
672 1417 772 1458 rerum
786 1398 1050 1473 grammaticarum
1065 1397 1256 1457 aeuffissimus
1269 1397 1366 1472 iudex,

190 1496 221 1553 in
240 1495 429 1555 Adversariis
453 1497 563 1556 crIticis
582 1497 598 1554 I
614 1517 644 1572 p.
666 1498 839 1556 162-182
864 1497 965 1556 decuit
987 1495 1100 1555 nudum
1124 1497 1229 1556 coristi
1246 1495 1366 1554 infiniti·

190 1612 260 1651 vum
285 1594 443 1661 edicendi
466 1599 520 1654 aut
541 1595 669 1671 putandi
692 1594 792 1654 verbIs
816 1594 996 1670 pendentem
1023 1595 1134 1670 ubique
1157 1594 1315 1669 praeteriti
1337 1593 1368 1652 vi

189 1690 372 1749 instructum
400 1711 497 1768 neque
525 1711 652 1768 usquam
680 1692 718 1750 ad
742 1691 880 1751 futurum
903 1696 1022 1767 tempus
1045 1693 1236 1752 referendum
1259 1682 1367 1771 esse.¹)

190 1787 281 1848 Cuius
310 1794 490 1865 argumenta
518 1785 699 1866 quamquam
727 1808 793 1848 eam
819 1791 881 1850 vim
909 1791 1021 1850 habent
1049 1792 1083 1848 ut
1106 1790 1143 1848 dc
1166 1790 1204 1849 iis
1227 1789 1365 1848 dubitare

189 1888 239 1946 vir
266 1888 368 1961 liceat,
400 1891 503 1948 tamen
529 1889 713 1950 inveteratos
744 1907 860 1948 errores
888 1889 995 1948 tollere
1021 1891 1085 1946 tam
1112 1888 1233 1948 difficile
1260 1890 1307 1946 est
1333 1889 1367 1946 nt

190 2004 298 2058 operae
328 1986 459 2060 pretium
489 1987 624 2046 facturus
652 2005 718 2046 esse
745 1985 818 2044 mihi
845 1985 962 2062 videar,
995 1986 1021 2045 si
1053 2005 1120 2045 eam
1153 1986 1367 2064 quaestionem,

190 2087 339 2157 quatenus
358 2085 396 2142 ad
415 2084 621 2160 Thucydidem
639 2084 779 2160 pertinet,
803 2084 847 2143 ita
866 2084 1094 2144 retractaverim
1113 2087 1148 2143 ut
1171 2084 1269 2142 causis
1292 2100 1367 2159 quas

189 2180 241 2238 ille
265 2181 369 2239 attulit
392 2182 467 2241 alias
491 2183 599 2242 addam
622 2182 731 2259 quibus
756 2181 906 2240 sententia
929 2182 993 2240 cius
1018 2181 1217 2242 confirmetur.
1264 2181 1365 2241 Prius·
1390 2238 1393 2245 .

189 2297 277 2353 qnam
307 2282 408 2337 autem
435 2281 473 2339 ad
501 2280 689 2356 propesitum
717 2281 869 2355 accedam,
897 2299 992 2355 pauca
1019 2280 1055 2338 de
1083 2281 1202 2340 ratione
1224 2279 1365 2339 videntur

189 2377 409 2449 praemonenda
432 2397 499 2438 esse
523 2398 613 2456 quam
635 2379 667 2436 in
688 2377 835 2437 eiusmodi
853 2377 1078 2455 quaestionibus
1099 2378 1279 2454 sequendam
1298 2396 1365 2437 esse

188 2473 254 2548 ipsa
277 2493 380 2533 earum
402 2481 512 2536 natura
535 2478 629 2537 docet.
671 2477 806 2536 Fuerunt
827 2476 906 2535 enim
930 2475 981 2552 qui
1005 2494 1071 2533 eam
1094 2476 1174 2534 viam
1197 2475 1308 2534 inirent
1331 2477 1365 2534 ut

188 2570 342 2631 veteribus
373 2574 568 2649 scriptoribus
597 2594 633 2634 ea
660 2577 691 2634 in
718 2594 775 2634 usu
801 2574 896 2633 fuisse
924 2573 1059 2632 dicerent
1086 2591 1213 2648 quorum
1245 2590 1365 2630 eausam

189 2669 264 2727 satis
287 2669 473 2744 probabilem
496 2673 554 2732 sibi
577 2675 749 2748 explorasse
772 2673 829 2733 visi
852 2674 960 2732 essent.
1006 2671 1102 2741 Quam
1125 2671 1206 2731 viam
1229 2670 1365 2746 equidem

189 2786 208 2825 a
230 2786 302 2827 vero
325 2768 472 2830 abducere
496 2772 590 2832 eredo.
637 2770 713 2830 Cum
736 2770 815 2829 enim
839 2789 874 2829 ea
897 2770 937 2829 sit
962 2769 1135 2846 linguarum
1158 2770 1268 2828 nutura
1291 2770 1325 2827 ut
1348 2786 1366 2826 a

261 2976 287 3043 1)
306 2973 424 3042 Aliquot
441 2977 537 3031 tamen
556 2976 633 3031 locos
652 2993 703 3046 pro
722 2975 861 3046 corruptis
879 2973 1040 3045 Madvigius
1058 2974 1146 3030 habet
1164 2973 1214 3044 qui
1235 2975 1366 3028 emenda·

188 3056 265 3110 tione
283 3074 339 3111 non
358 3057 450 3126 egent.
478 3055 551 3110 Nam
567 3056 643 3125 quod
656 3056 686 3110 in
700 3056 786 3125 Soph.
802 3055 846 3110 Ai.
863 3061 931 3110 1081
943 3072 1003 3125 sqq.
1024 3049 1096 3109 ὅσον
1111 3051 1140 3108 δ’
1156 3050 1280 3126 ὑβρίζειν
1294 3056 1366 3124 δρᾶν

187 3131 221 3190 θ’
237 3131 255 3190 ἃ
276 3134 408 3208 βούλεται
426 3136 503 3206 παρῇ
524 3168 555 3177 -
576 3135 682 3206 ταύτην
700 3134 796 3208 νόμιζε
814 3133 867 3205 τὴν
884 3135 968 3191 πόλιν
985 3134 1053 3190 ποτὲ
1072 3166 1108 3176 -
1128 3131 1158 3200 ἐξ
1177 3130 1281 3206 οὐρίαν
1300 3137 1365 3203 δρα-

188 3219 297 3286 μοῦσαν
322 3213 351 3279 ἐς
375 3213 468 3290 βυθὸν
492 3223 590 3271 πεσεῖν
616 3220 689 3274 male
713 3210 796 3289 putat
818 3216 1010 3272 Hermannum
1033 3215 1169 3270 aoristum
1191 3221 1289 3269 πεσεῖν
1314 3231 1365 3284 pro

189 3296 323 3366 empirice
338 3293 487 3366 accepisse,
504 3297 578 3364 quod
593 3297 658 3351 talis
672 3298 826 3352 infinitivus
841 3296 938 3351 aoristi
952 3313 1008 3350 non
1025 3296 1190 3366 reperiatur,
1206 3312 1262 3349 non
1281 3295 1365 3350 modo

187 3374 366 3445 participium
390 3375 489 3429 aurisii
512 3377 566 3430 hoc
589 3379 672 3432 modo
699 3376 842 3432 invenitur
861 3377 936 3446 apud
953 3375 1002 3433 Th.
1022 3376 1035 3428 I
1055 3381 1115 3445 122,
1134 3382 1160 3429 4.
1193 3375 1292 3429 Aesob.
1312 3376 1365 3444 Ag.

188 3463 248 3522 967,
268 3456 318 3510 sed
337 3457 422 3509 etiam
441 3455 529 3525 ipsius
548 3455 680 3512 infinitivi
700 3458 858 3529 exemplum
878 3456 1095 3526 deprehendisse
1114 3455 1184 3509 mihi
1203 3455 1280 3510 visus
1303 3473 1363 3508 sum
1394 3480 1399 3488 ·

187 3536 214 3588 in
236 3536 317 3589 Hom.
338 3535 388 3589 Od.
403 3536 444 3588 III
459 3542 512 3590 318
522 3553 582 3604 sqq.
602 3543 696 3600 κεῖνος
714 3534 768 3608 γὰρ
787 3538 854 3592 νέον
873 3534 997 3592 ἄλλοθεν
1016 3535 1183 3605 εἰλήλουθεν
1202 3568 1235 3575 -
1256 3533 1288 3591 ἐκ
1307 3536 1363 3590 τῶν

186 3610 349 3683 ἀνθρώπων
374 3609 445 3670 ὅθεν
471 3611 524 3671 oda
549 3612 660 3671 ἔλποιτό
684 3637 714 3686 γε
739 3620 824 3692 θυμῷ
845 3652 878 3659 -
898 3616 1021 3689 ἐλθέμεν
1042 3612 1141 3673 ὅντινα
1158 3618 1270 3687 πρῶτον
1290 3612 1360 3671 ἆσσο-

187 3691 331 3764 σφήλωσιν
354 3692 466 3762 ἄελλαις
490 3701 569 3753 verto
594 3697 677 3753 enim·
691 3693 764 3753 ὅθεν
784 3738 790 3750 .
807 3741 835 3752 ..
860 3693 982 3768 ἐλθέμεν
1005 3696 1093 3751 unde
1117 3712 1182 3750 non
1207 3696 1365 3750 crederet

187 3775 297 3844 (modus
316 3775 480 3843 potentialis
499 3777 653 3845 praeteriti
673 3777 707 3832 de
727 3794 781 3846 quo
801 3778 958 3846 antiquiore
977 3776 1098 3846 optativi
1116 3776 1184 3830 nudi
1203 3779 1305 3830 etcum
1327 3771 1364 3830 ἄν

185 3854 274 3909 iuncti
303 3872 353 3909 usu
382 3855 416 3908 cf.
440 3854 493 3909 Od.
516 3855 582 3908 XIII
605 3863 664 3913 248.
698 3857 730 3912 II
753 3857 766 3909 I
789 3862 850 3910 232.
878 3856 917 3909 IV
941 3862 1002 3911 223.
1028 3855 1054 3910 V
1077 3861 1121 3913 45.
1158 3856 1259 3911 Herod.
1284 3856 1296 3908 Ι
1321 3861 1363 3910 10.

188 3935 225 3988 IX
249 3940 294 3996 11)
322 3935 434 3990 redire
460 3934 580 3991 solere.
618 3935 725 3991 Deinde
749 3935 926 4005 incorruptus
950 3939 992 3990 est
1015 3952 1111 3991 versus
1135 3937 1199 3990 Eur.
1224 3934 1270 3991 Or.
1295 3940 1363 3990 1527

188 4016 279 4084 μῶρος
303 4011 331 4068 εἷ
350 4015 442 4073 δοκῶν
466 4035 500 4086 με
519 4017 617 4085 τλῆναι
637 4013 688 4084 σὴν
707 4011 886 4086 καθαιμάξαι
906 4014 1004 4084 δέρην,
1027 4014 1046 4070 i.
1066 4033 1090 4070 e.
1114 4016 1244 4070 stultns
1263 4032 1309 4081 es,
1335 4014 1363 4067 si

187 4097 290 4163 putas
309 4112 357 4149 me
376 4098 532 4159 conatum
551 4114 625 4152 esse
642 4095 867 4167 (propositum
886 4095 1063 4164 habuisse)
1086 4095 1254 4150 cervicem
1272 4095 1363 4148 tuem

188 4180 377 4230 cruentare.
414 4174 496 4230 Hom,
516 4180 610 4231 autem
630 4177 680 4232 Od.
701 4178 739 4232 IV
757 4182 809 4231 253
820 4194 860 4245 sq.
886 4176 934 4230 ιιαλ
953 4171 1049 4245 ὤμοσα
1067 4170 1205 4244 καρτερὸν
1224 4167 1309 4241 ὅρκον
1329 4205 1361 4213 -

188 4253 225 4324 μὴ
245 4254 297 4326 μὲν
316 4257 382 4325 πρὶν
402 4252 525 4324 Ὀδυσῆα
548 4253 618 4326 μετὰ
640 4252 764 4327 Τρώεσσ’
785 4254 936 4325 ἀναφῆναι
959 4257 1076 4309 eandem
1100 4253 1361 4323 interpretatIonem

188 4337 275 4389 habet
293 4338 377 4404 atque
394 4337 472 4392 Dem.
487 4336 578 4390 XXIII
595 4342 654 4406 170,
673 4354 727 4405 quo
747 4339 781 4391 de
800 4336 862 4392 loco
881 4337 956 4390 infra
973 4355 1000 4407 p.
1017 4342 1050 4389 16
1070 4352 1159 4389 sermo
1178 4334 1238 4388 erit.
1253 4333 1360 4388 Ibidem

190 4413 298 4468 dicetur
316 4415 351 4469 de
369 4415 430 4485 Lys.
450 4415 516 4470 XIII
536 4421 577 4470 15.
596 4422 648 4474 47..

1113 4501 1149 4558 1*
