3104 5078
706 325 899 388 „g-

217 493 289 551 VIII
310 494 360 568 86,
382 497 409 552 7.
439 490 486 549 Ad
504 493 535 550 id
554 493 632 568 quod
656 490 826 566 quaerimus
849 509 909 550 non
931 493 1064 566 pertinet
1082 494 1109 551 V
1131 496 1193 552 104
1216 486 1387 572 χαλεπὸν..

216 589 372 667 νομίζομεν
395 635 402 648 .
422 635 441 662 .,
470 588 497 647 εί
523 583 562 666 μὴ
589 582 648 648 ἀπὸ
670 591 723 647 τοῦ
747 587 813 647 ἴσον
836 585 916 647 ἔσται
938 582 1148 669 ἀγωνίζεσθαι,
1176 592 1228 650 ubi
1256 591 1388 650 condicio

216 687 253 745 ad
268 681 395 764 χαλεπόν
409 688 533 761 spectat,
547 687 586 744 ad
600 686 679 762 quod
694 687 818 746 verbum
834 687 1072 747 subaudiendum
1087 693 1142 750 est.
1166 689 1210 748 cf.
1231 687 1287 746 VII
1300 690 1353 756 44,
1368 691 1387 745 4

216 780 266 843 καὶ
293 784 320 843 εἰ
346 785 447 859 φίλιον
476 783 521 860 εἴη
553 785 611 843 τῶν
642 778 702 861 ἤδη
734 777 824 843 πάλιν
857 779 1042 864 φευγόντων,
1073 784 1212 864 πολέμιον
1245 781 1388 863 ἐνόμιζον,

217 883 291 942 VIII
311 885 362 958 81,
389 887 404 941 l
430 881 557 959 νομίζων
580 872 677 959 μόνην
700 882 855 961 σωτηρίαν,
878 882 904 943 εί
924 881 1110 962 Τισσαφέρνη
1134 879 1233 957 αὐτοῖς
1256 879 1389 963 μεταστη-

121 967 124 973 ’
217 998 294 1041 σειεν
316 973 375 1040 ἀπὸ
398 979 656 1056 Πελοποννησίων.

306 1080 434 1138 Restant
444 1098 479 1136 ea
490 1077 646 1137 enuntiata
655 1078 707 1136 ubi
717 1079 881 1137 condicioni
892 1079 1104 1156 significandae
1114 1079 1141 1138 ει’
1151 1098 1219 1139 cum
1228 1081 1389 1141 indicativo

217 1177 384 1253 praesentis
403 1177 451 1237 vel
469 1177 627 1251 praeteriti
645 1176 813 1237 adhibetur.
838 1179 926 1236 Mitto
946 1181 1046 1237 tamen
1066 1197 1102 1236 ea
1119 1177 1150 1235 in
1170 1179 1277 1253 quibus
1293 1179 1389 1237 condi·
1449 1163 1451 1167 ’

218 1276 331 1334 cionem
341 1294 402 1333 non
415 1274 533 1349 impleri
543 1273 701 1350 indicatur,
714 1274 761 1333 cui
771 1276 935 1334 subiectam
946 1273 1127 1334 sententiam
1136 1275 1167 1331 iu
1177 1276 1311 1334 oratione
1321 1295 1390 1351 pen-

218 1373 301 1430 denti
315 1371 462 1430 infinitivo
478 1374 531 1429 aut
544 1370 701 1446 participio
712 1375 877 1446 praesentis
887 1374 935 1434 vel
946 1373 1049 1432 acristi
1063 1391 1129 1430 cum
1140 1366 1178 1430 άν
1190 1373 1314 1447 exprimi
1324 1393 1389 1432 con-

218 1473 288 1530 stat.
314 1469 440 1544 Reliqua
455 1470 589 1543 exempla
603 1469 677 1527 haec
691 1472 774 1528 sunt:
794 1470 809 1527 Ι
826 1473 876 1543 72,
892 1473 910 1527 2
926 1467 1042 1546 ἔφασαν
1060 1462 1221 1546 βούλεσθαι
1239 1468 1289 1528 καὶ
1308 1465 1390 1532 αὐτοὶ

217 1566 246 1639 ἐς
269 1560 300 1627 τὸ
324 1569 441 1644 πλῆθος
463 1559 562 1624 αὐτῶν
586 1565 693 1641 εἰπεῖν,
722 1565 794 1626 εἴτι
823 1561 862 1644 μὴ
890 1561 1071 1642 ἀποκωλύει,
1099 1567 1144 1625 Ill
1170 1570 1220 1644 32,
1245 1571 1263 1626 2
1292 1567 1392 1648 ἔλεγον

218 1660 254 1726 οὐ
278 1667 374 1737 καλῶς
397 1658 451 1742 τὴν
469 1657 598 1723 Ἑλλάδα
621 1661 799 1741 ἐλευθεροῦν
822 1659 922 1740 αὐτόν,
951 1664 977 1725 εί
999 1659 1111 1743 ἀνδρας
1134 1662 1303 1744 διέφθειρεν
1326 1663 1392 1727 οὔτε

219 1768 316 1841 χεῖρας
344 1755 574 1840 ἀνταιρομένους
602 1756 668 1822 οὔτε
695 1761 853 1840 πολεμίους
880 1759 951 1842 (hoc
978 1783 1046 1822 cum
1073 1782 1178 1823 revera
1206 1765 1319 1822 factum
1343 1766 1391 1840 sit,

218 1861 244 1920 εἰ
271 1880 364 1936 prope
391 1853 435 1919 du
462 1860 641 1934 particulam
670 1855 812 1942 ac‘cedit),
839 1864 890 1935 46,
917 1866 935 1920 2
959 1859 1112 1942 πολιορκίᾳ
1134 1881 1163 1920 τε
1192 1853 1270 1941 (τίνα
1294 1861 1392 1922 οἴεσθε

217 1954 322 2037 ἥντινα
350 1951 401 2038 οὐ)
430 1962 658 2033 παρατενεῖσθαι
688 1957 718 2031 ές
747 1954 922 2039 τοῦσχατον,
950 1959 977 2019 εί
1002 1953 1033 2019 τὸ
1054 1952 1134 2019 αὐτὸ
1158 1952 1281 2019 δύναται
1304 1964 1392 2041 σχολῇ

218 2054 267 2116 καὶ
294 2049 365 2134 ταχὺ
393 2055 555 2133 ξυμβῆναι,
586 2059 637 2130 52,
668 2061 686 2115 2
715 2054 849 2135 λέγοντα,
881 2059 908 2119 εἰ
933 2051 1091 2137 βούλονται
1118 2057 1307 2135 παραδοῦναι
1339 2053 1393 2136 τὴν

218 2149 306 2215 πόλιν
326 2202 333 2214 .
354 2201 369 2231 .,
392 2149 462 2226 τούς
483 2175 513 2214 τε
536 2147 659 2228 ἀδίκους
679 2151 814 2217 κολάσειν
834 2151 979 2236 (κολάζειν
998 2156 1080 2215 codd.
1099 2156 1213 2214 emend.
1234 2150 1393 2238 Krueger·)‚

218 2246 299 2331 παρὰ
328 2251 414 2329 δίκην
442 2247 474 2310 δὲ
500 2246 627 2329 οὐδένα,
660 2254 687 2310 V
716 2258 767 2329 41,
796 2258 814 2314 2
848 2253 875 2313 εί
902 2248 1060 2332 βούλονται
1088 2249 1268 2312 σπένδεσθαι
1295 2247 1392 2331 ὥσπερ

218 2345 377 2428 πρότερον,
401 2345 510 2426 ἑτοῖμοι
533 2341 624 2426 εἶναι,
650 2351 708 2409 Vll
733 2353 761 2427 3,
788 2354 804 2409 1
830 2347 964 2430 λέγοντα,
989 2349 1015 2409 εἰ
1036 2343 1192 2428 βούλονται
1215 2347 1323 2422 ἐξιέναι
1346 2397 1353 2410 .
1373 2395 1390 2427 .,

219 2444 333 2524 ἑτοῖμος
351 2438 427 2506 εἶναι
446 2441 635 2523 σπένδεσθαι,
659 2451 712 2525 49,
732 2452 749 2507 2
770 2448 798 2508 ει’
815 2445 847 2508 δὲ
866 2448 914 2508 δεῖ
930 2442 969 2526 μη
988 2440 1114 2527 ἀπάγειν
1131 2440 1338 2526 τὴνστρατιάν
1352 2496 1359 2511 .
1375 2492 1393 2525 .,

220 2537 292 2603 ἀλλά
315 2545 427 2623 τρίβειν
449 2537 568 2618 αὐτούς,
591 2542 650 2622 ἔφη
673 2548 779 2624 χρῆναι
800 2540 820 2624 ἢ
844 2544 874 2618 ές
895 2540 950 2624 τὴν
971 2540 1081 2622 Θάψον
1103 2538 1286 2619 ἀναστάντας
1308 2544 1394 2609 τοῦτο

221 2647 317 2703 ποιεῖν
340 2635 359 2720 ἢ
383 2639 413 2714 ἐς
436 2636 489 2719 τὴν
512 2636 664 2720 Κατάνην,
686 2644 762 2701 VIII
783 2647 834 2723 92,
855 2637 1081 2722 reddidisse
1104 2641 1154 2703 καὶ
1172 2641 1294 2718 ἐκείνοις
1313 2645 1397 2707 δοκεῖ

219 2746 392 2819 καθαιρεῖν,
415 2737 464 2800 καλ
488 2736 581 2824 ἑαυτῷ
604 2739 663 2819 ἔφη
688 2742 849 2814 ξυνδοκεῑν.

309 2839 374 2897 Iam
392 2839 450 2898 duo
470 2839 544 2897 mihi
563 2840 695 2900 effecisse
714 2841 827 2902 videor.
864 2841 938 2901 Cum
959 2842 1039 2900 enim
1057 2841 1089 2899 in
1106 2842 1237 2918 prolatis·
1251 2844 1394 2918 exemplis

221 2936 247 2996 εί
269 2958 336 2996 cum
359 2938 493 3013 optativo
517 2937 560 2996 ibi
582 2941 702 2997 tantum
725 2944 870 3016 appareat
892 2941 944 2999 ubi
964 2940 996 2998 in
1014 2939 1149 2998 oratione
1166 2942 1248 2998 recta
1267 2940 1394 3015 scriptor

221 3037 324 3095 eodem
353 3035 440 3094 modo
469 3036 517 3096 vel
540 3029 594 3094 ἐάν
616 3056 684 3094 cum
707 3039 894 3098 coniunctivo
917 3040 1053 3096 uteretur
1084 3030 1171 3117 (talia
1194 3039 1272 3097 enim
1296 3038 1395 3096 omnia

222 3135 285 3192 eius
304 3133 423 3208 generis
447 3151 512 3192 esse
535 3131 707 3208 perspicies,
731 3135 756 3192 si
779 3139 894 3195 attente
918 3156 954 3194 ea
977 3129 1235 3215 consideraveris),
1260 3138 1395 3212 sequitur

220 3233 416 3293 indicativum
435 3230 461 3290 εἰ
478 3232 646 3306 particulae
664 3232 799 3291 iunctum
819 3232 1023 3310 Thucydidem
1042 3251 1189 3308 nusquam
1208 3233 1238 3292 in
1262 3235 1395 3295 oratione

222 3332 344 3407 obliqua
370 3330 401 3388 in
429 3329 596 3404 optativum
623 3330 824 3392 transtulisse.
869 3331 975 3406 Neque
998 3332 1036 3389 ad
1060 3333 1157 3390 solum
1180 3332 1394 3409 Thucydidem,

223 3430 274 3487 sed
301 3428 339 3486 ad
368 3446 469 3487 omnes
498 3426 658 3502 scriptores
687 3428 759 3488 haee
786 3447 891 3488 norma
918 3428 1086 3505 applicatur
1117 3432 1240 3504 excepto
1272 3428 1298 3488 εἰ
1328 3448 1395 3488 cum

222 3527 357 3601 optativo
379 3525 490 3599 futuri,
518 3543 608 3601 quam
636 3528 819 3586 structuram
846 3528 877 3586 in
902 3527 1036 3586 oratione
1059 3516 1180 3603 obliqua
1203 3546 1257 3603 pro
1280 3526 1307 3587 εί
1328 3546 1395 3586 oum

222 3623 382 3683 indicativo
416 3621 510 3681 futuri
541 3641 652 3696 ponere
684 3618 797 3705 licet.¹)
848 3623 906 3684 Sed
939 3624 1118 3684 condicionis
1150 3625 1194 3684 ita
1224 3625 1395 3685 enuntiatae

223 3722 301 3796 apud
326 3718 531 3795 Thucydidem
554 3719 671 3777 nullum
695 3724 795 3781 exstat
817 3723 995 3798 exemplum.
1032 3721 1131 3783 (lausa
1153 3725 1255 3783 autem
1278 3744 1331 3783 cur
1353 3724 1396 3782 ita

223 3819 448 3894 circumscripta
482 3817 522 3878 sit
554 3818 734 3878 condicionis
768 3821 906 3898 obliquae
939 3821 1105 3880 enuntiatio
1137 3823 1169 3880 in
1201 3840 1235 3882 eo
1268 3821 1396 3881 vertitur

224 3918 312 3994 quod,
331 3918 402 3976 siin
417 3917 600 3993 temporibus
615 3922 734 3994 praeter
753 3920 890 3978 futurum
908 3907 1061 3995 optativus
1080 3919 1218 3994 obliquus
1237 3918 1396 3977 sententia-

224 4036 291 4074 rum
323 4015 571 4074 condicionalium
603 4017 694 4075 etiam
725 4036 779 4093 pro
810 4017 969 4076 indicativo
1001 4018 1094 4093 esset,
1125 4017 1225 4074 rectae
1253 4016 1395 4074 orationis

224 4116 320 4172 forma
343 4132 402 4172 non
426 4117 528 4188 posset
551 4114 625 4173 satis
649 4113 796 4192 dignosci3
819 4116 851 4173 in
874 4115 977 4174 futuro
1000 4116 1100 4173 autem
1121 4115 1231 4190 potest,
1254 4132 1322 4172 cum
1342 4114 1396 4175 hoe

225 4263 437 4270 *ῥ’--

298 4340 323 4403 1)
347 4337 388 4391 Cf.
408 4337 600 4392 l'assbaender
623 4338 658 4392 de
678 4338 812 4408 Optativo
834 4338 922 4394 futuri
945 4337 1065 4408 (dissert.
1085 4317 1234 4393 Monaster.
1258 4337 1334 4408 typis
1353 4356 1396 4394 ex·

225 4436 320 4488 pressa
337 4417 450 4487 Lipsiae
469 4434 494 4472 a.
515 4422 594 4488 1884)
613 4438 639 4489 p.
660 4426 695 4474 34
704 4437 764 4488 sqq.
