3104 5078
676 362 890 426 „53-

195 522 387 610 Βρωμίσνοο)
407 529 580 588 auctoribus
599 529 709 587 Heron.
728 528 743 585 r
765 529 837 604 153,
858 528 900 587 no
922 530 953 586 er
971 527 1072 604 suph.
1092 509 1162 603 syl.
1184 529 1372 588 scribendum

196 632 250 689 est.
286 628 331 687 De
351 627 503 704 Cynuriae
522 627 630 704 oppido
650 625 729 702 quod
748 626 776 683 V
795 628 847 701 41,
867 628 887 683 4
906 626 938 683 in
959 627 1026 686 aliis
1050 627 1133 686 codd.
1154 619 1318 703 Ἀνδήνην,
1341 626 1372 684 in

195 726 262 786 aliis
282 719 420 803 Ἀθήνην
444 745 510 785 esse
534 723 671 799 traditur,
696 744 763 784 eum
786 722 862 781 illud
881 723 968 785 Paus.
988 724 1020 781 II
1040 726 1091 798 38,
1112 727 1129 783 6
1150 726 1182 783 et
1201 723 1282 782 Suid.
1302 742 1325 782 s.
1343 744 1370 783 v.

191 817 366 901 Ἀθήνησιν,
389 825 444 884 hoo
467 823 611 900 Harpocr.
635 826 666 882 et
689 823 764 883 Plin.
789 821 826 880 H.
850 822 888 879 N.
911 820 954 879 IV
980 822 1009 897 5,
1036 824 1074 880 16
1098 823 1244 899 habeant,
1268 826 1371 882 utrum
1476 843 1478 849 ·

194 923 250 981 Th.
279 922 432 998 scripserit
459 922 587 982 discerni
609 921 727 997 neqult,
754 921 933 995 praesertim
957 939 1023 978 cnm
1047 918 1158 980 Herod.
1181 920 1196 977 I
1221 916 1293 996 330,
1319 925 1370 982 23.

196 1024 269 1095 331,
294 1023 336 1080 20
365 1024 523 1097 utramque
550 1021 679 1078 formam
707 1037 868 1095 agnoscere
891 1018 1038 1078 videatur.
1085 1016 1112 1072 V
1136 1019 1187 1092 42,
1218 1021 1233 1077 1
1265 1020 1371 1094 optimi

194 1118 277 1178 codd.
301 1112 513 1197 Ἀνδρομέδης,
542 1118 652 1193 reliqui
675 1109 880 1196 Ἀνδρομένης.
927 1115 1016 1174 Prius
1044 1134 1152 1174 nomen
1180 1133 1240 1173 non
1263 1119 1328 1175 exst
1348 1119 1369 1176 t.

195 1216 280 1285 Quod
304 1216 382 1274 enim
400 1202 547 1275 muliebre
566 1203 776 1273 Andromedae
794 1234 903 1273 nornen
922 1214 1061 1290 afferunt,
1083 1214 1153 1273 huic
1173 1214 1369 1273 masculinum

190 1307 396 1392 Ἄνδρομίδων
430 1312 625 1388 responderet
658 1306 709 1389 (cf.
742 1305 905 1389 Εὖρορέδη
937 1304 1155 1392 Εὐρυμέδων),
1188 1314 1219 1371 et
1250 1315 1370 1387 praeter

193 1409 304 1491 -μίδων
319 1412 492 1471 masculina
514 1411 545 1469 in
569 1404 681 1488 -μήδης
704 1413 820 1470 exeunt.
861 1409 904 1466 VI
929 1411 958 1481 4,
984 1412 1000 1467 1
1026 1409 1096 1467 libri
1118 1394 1197 1469 inter
1223 1402 1370 1488 Τροίτιλον

194 1514 223 1569 ct
248 1503 402 1589 Ilpuinlov
424 1510 557 1586 variant,
586 1508 661 1567 illud
686 1507 842 1567 confirmat
865 1506 1007 1583 Polyaen.
1032 1506 1060 1562 V
1083 1507 1113 1582 5,
1137 1510 1165 1583 2,
1192 1508 1275 1568 cuius
1300 1508 1369 1568 libri

86 1595 88 1599 ¹
195 1600 325 1685 Τροίιλον
356 1607 476 1667 habent.
531 1605 606 1664 VIII
640 1608 667 1683 6,
701 1607 719 1665 5
759 1624 796 1664 ex
831 1604 913 1664 codd.
948 1605 1127 1663 auctoritate
1165 1605 1241 1664 falso
1280 1606 1370 1665 scribi
1488 1618 1490 1622 ·

192 1704 405 1785 Μελαγκρίδαν
438 1703 651 1785 Μελαχκρίδον
684 1722 738 1780 pro
766 1699 979 1781 Μελοχχρίδοιν
1008 1701 1219 1781 Μελαγχρίδου
1252 1696 1369 1785 (Valla:

192 1824 257 1864 cum
285 1803 467 1862 Melancrida
498 1850 503 1862 .
529 1849 535 1861 .
560 1850 566 1862 .
594 1822 649 1878 pro
680 1796 898 1880 Melanchrida)
933 1800 1145 1860 animadverffit
1177 1802 1303 1862 Meinek.
1337 1804 1369 1863 in

193 1903 294 1961 Herm.
318 1901 365 1959 III
392 1921 422 1975 p.
446 1901 518 1958 361.
565 1899 610 1956 De
638 1898 757 1958 nomine
780 1897 996 1977 Στρομβιχίδης
1024 1889 1068 1978 (v.
1096 1900 1115 1958 l.
1140 1894 1368 1983 Στρομμιχίδης)

192 2001 228 2059 cf.
247 1994 429 2076 Στρόμβιχος
449 1996 517 2054 014
534 1996 549 2053 I
570 1998 642 2054 236,
663 1998 736 2055 310.
761 1996 818 2055 Th.
841 1995 916 2054 VIII
937 1999 986 2072 24,
1007 1998 1025 2055 3
1051 1995 1183 2078 Βοίίσκηο
1209 1987 1267 2076 (sic
1286 1999 1368 2058 solus

191 2120 235 2174 pr.
263 2098 346 2171 Vat,
374 2095 482 2170 reliqui
509 2085 657 2176 Boir'oocp)
691 2094 847 2170 scripsisse
874 2096 1005 2153 testatur
1032 2093 1142 2154 Herod.
1170 2093 1186 2152 I
1215 2097 1288 2170 212,
1316 2098 1367 2157 22.

190 2197 222 2254 II
253 2197 327 2271 483,
362 2199 389 2255 1.
439 2192 484 2252 De
517 2191 636 2251 nomine
668 2190 855 2271 Σκιρωνίδης
888 2184 965 2271 (sine
998 2194 1029 2249 Σ
1055 2191 1124 2251 Vat.
1152 2193 1228 2250 VIII
1257 2195 1307 2269 25,
1339 2196 1367 2255 1.

191 2297 242 2371 54,
268 2287 302 2375 3)
330 2294 365 2353 cf.
390 2290 606 2351 Pseudo-Dem.
630 2291 732 2349 LVIII
757 2294 806 2351 17.
835 2289 1045 2349 Λαισπονδίαν
1068 2291 1174 2366 optimi
1197 2291 1268 2349 libri
1291 2291 1367 2350 VIII

191 2395 241 2466 86,
272 2395 300 2466 9,
329 2391 382 2450 sed
405 2388 596 2449 Λαισποδίοο
625 2409 727 2449 omnes
750 2389 795 2448 VI
820 2391 891 2464 105,
921 2391 950 2466 2,
978 2406 1105 2464 quocum
1133 2389 1169 2448 cf.
1192 2388 1285 2450 Aust.
1309 2389 1366 2451 Av.
1393 2460 1397 2473 ,Ι
1444 2467 1448 2474 .

192 2493 287 2551 1569.
313 2489 437 2564 Antiph.
459 2488 566 2565 fragm.
593 2488 668 2546 VIII
693 2481 754 2568 (ed.
777 2481 896 2566 Blass.).
942 2486 1000 2544 Pro
1024 2479 1147 2558 Εὐίλας
1169 2486 1245 2545 VIII
1269 2491 1321 2562 22,
1347 2492 1362 2547 1

64 2598 66 2605 '
189 2607 233 2662 pr.
257 2586 326 2645 Vat.
350 2578 488 2660 Εὐοίδας,
517 2587 569 2645 sed
598 2589 661 2658 -λοις
688 2610 731 2632 =
760 2589 841 2656 -λοιος
870 2588 900 2644 et
927 2576 982 2642 είοί
1012 2608 1053 2630 =
1082 2572 1136 2660 εὐη
1164 2584 1197 2642 in
1224 2577 1366 2664 είηγενης
1458 2623 1462 2630 ,
1521 2622 1527 2630 .

190 2685 276 2744 Hom.
300 2685 336 2746 Il.
359 2683 402 2742 XI
426 2685 499 2742 427.

279 2783 338 2840 Pro
367 2778 452 2840 ἕνεκα
481 2782 610 2858 optImae
638 2782 828 2841 membranae
851 2780 866 2837 I
891 2781 942 2855 68,
969 2775 1115 2838 2ίνεκεν
1144 2782 1174 2839 et
1202 2779 1245 2837 VI
1268 2782 1320 2857 56,
1345 2784 1363 2841 3

189 2875 307 2956 olivero,
332 2882 413 2939 solus
436 2878 506 2939 Vat.
530 2878 605 2938 VIII
628 2881 716 2954 69,1
743 2876 848 2938 είνεκα.
893 2876 972 2934 Vere
994 2876 1115 2936 videtur
1138 2877 1236 2937 dicere
1259 2878 1364 2939 Thom.

164 2962 168 2967 ⁸
189 2980 269 3056 Mag.
292 3000 319 3054 p.
347 2980 418 3054 151,
443 2981 461 3038 5
495 2976 684 3056 Θονκυδίδης
712 2971 758 3036 ἀεὶ
785 2973 892 3052 ἕνεκα,
914 2993 1083 3051 quanquam
1112 2975 1176 3034 eius
1200 2977 1364 3037 auctoritas

96 3144 98 3148 χ
188 3097 242 3152 per
270 3096 302 3136 se
330 3096 390 3135 non
418 3076 546 3135 multum
574 3079 669 3155 velet,
698 3097 765 3137 cum
788 3075 864 3134 libro
888 3091 961 3132 usus
986 3073 1025 3132 sit
1047 3077 1219 3133 nostrorum
1242 3076 1363 3151 optimis
1458 3071 1460 3075 ’

190 3193 287 3250 neque
305 3175 473 3250 antIquiore
492 3193 589 3250 neque
607 3176 738 3234 meliore.
776 3175 855 3232 Nam
874 3172 905 3231 in
928 3171 1026 3231 titulis
1046 3171 1153 3231 urticis
1177 3176 1246 3232 ante
1266 3175 1363 3234 Mace-

193 3273 329 3332 donicam
357 3275 488 3332 aetatem
516 3269 614 3332 ἕνεκεν
641 3293 701 3332 non
728 3273 880 3357 Invenitur
908 3271 939 3328 et
966 3262 1076 3329 obceno
1098 3289 1152 3346 pro
1175 3264 1218 3331 ὅτι
1242 3275 1289 3330 est
1312 3264 1364 3352 (of.

188 3371 342 3430 Meisterh.
366 3368 385 3445 ἓ
406 3373 457 3447 43,
481 3361 530 3452 8),
559 3369 655 3430 εἵνεκα
683 3372 785 3430 autem
812 3388 872 3428 uno
895 3369 959 3428 loco
984 3369 1070 3427 unius
1095 3368 1158 3427 cod.
1183 3354 1362 3429 auctoritate

187 3489 246 3529 non
270 3469 343 3528 satis
367 3467 487 3528 videtur
510 3469 636 3528 defendi.

276 3566 341 3625 Iam
364 3566 403 3625 ad
426 3565 639 3625 uocabulorum
658 3566 872 3627 declinationes
891 3568 1088 3624 transeamus.
1108 3559 1224 3644 Ἐφύρη
1244 3567 1361 3644 Ι46,4

188 3683 255 3723 cnm
277 3664 337 3723 iam
360 3663 470 3724 Herod.
495 3662 511 3721 I
535 3666 608 3740 340,
634 3666 675 3723 14
702 3665 812 3740 legerit
839 3663 870 3722 in
894 3656 1012 3741 Ἐφίρα
1039 3667 1157 3724 mutare
1180 3663 1362 3742 dubitamus,

187 3761 364 3837 praesertim
384 3779 451 3819 cum
470 3761 525 3820 Th.
547 3780 654 3820 nomen
673 3781 709 3822 ex
726 3760 815 3820 Hom.
835 3759 888 3820 Od.
908 3760 923 3818 I
944 3762 1017 3820 259.
1040 3760 1071 3819 II
1091 3763 1164 3838 328,
1186 3761 1240 3819 ubi
1258 3761 1362 3821 eadem

186 3861 259 3918 urbs
288 3857 451 3934 significari
477 3858 643 3933 videretur,
671 3860 800 3919 retinere
828 3859 969 3933 potuerit.
1016 3859 1079 3918 Nec
1108 3858 1205 3919 minus
1237 3852 1375 3919 Φύσκον·

186 3957 216 4015 ΙΙ
246 3959 296 4032 99,
325 3958 343 4016 5
373 3959 506 4032 tuemur,
534 3942 709 4032 quanquam
733 3976 751 4015 a
778 3957 903 4016 Ptolem.
932 3957 989 4030 111,
1009 3960 1058 4034 13,
1088 3960 1128 4017 36
1159 3953 1275 4017 Φίοκαι
1304 3959 1361 4018 hoe
1442 4031 1446 4036 .

186 4056 377 4116 Macedoniae
410 4055 552 4132 oppidum
583 4058 708 4116 uocatur
741 4047 875 4136 (Φίσκος
908 4055 1010 4132 Stepb.
1043 4058 1113 4134 Byz.
1145 4057 1275 4116 fortasse
1306 4074 1360 4129 per

187 4147 342 4233 errorem).
389 4154 432 4214 Of.
461 4149 604 4234 Κεγχρειοί
631 4153 794 4234 Κεχχρεινί.
841 4151 953 4213 Contra
980 4155 1132 4233 Πολίχνην
1156 4154 1230 4212 VIII
1255 4157 1306 4231 14,
1331 4157 1358 4214 3.

188 4255 238 4327 23,
259 4255 288 4330 6,
312 4252 389 4327 quod
413 4253 495 4312 solus
515 4253 588 4330 Reg.
609 4253 741 4313 servavit
760 4244 882 4331 (reliqui
900 4246 1077 4330 Πολίχνοιν),
1100 4250 1155 4309 Th.
1175 4250 1359 4312 reddendum

187 4368 252 4409 esse
283 4350 439 4425 putamus,
471 4369 538 4410 cum
569 4370 678 4410 nomen
709 4351 924 4426 appellativum
958 4348 1067 4408 Artius
1101 4349 1140 4407 sit
1172 4348 1294 4427 πολίχνη
1328 4351 1359 4411 et

185 4447 341 4524 proprium
359 4447 451 4508 Ioniei
475 4449 575 4525 oppidi
596 4467 706 4507 nomen
728 4439 876 4530 (Πολίχνοι
899 4448 1060 4525 secundum
1080 4447 1190 4509 Herod.
1209 4448 1224 4506 I
1244 4451 1318 4522 327,
1337 4451 1357 4510 4
