3104 5078
673 404 714 413 ..
761 366 804 431 55
854 403 890 411 ..

195 551 264 590 nam
287 532 366 593 idem
390 532 541 592 invenitur
564 534 595 591 16
618 533 707 593 111616
731 532 833 592 votivo
856 531 988 592 ineuntis
1012 533 1114 609 quarti
1138 531 1250 592 saeculi
1269 524 1369 613 (Αθῆ-

196 653 281 690 ναιον
305 630 333 686 V
355 652 384 706 p.
411 624 489 709 161)
513 650 532 690 a
554 632 701 690 Iloucarto
726 621 813 711 (Rev.
837 631 873 689 de
896 631 969 705 phil.
992 631 1007 689 I
1029 651 1056 707 p.
1082 621 1139 712 35)
1163 631 1265 690 611616.

283 729 414 788 Nomina
436 730 558 805 propria
579 729 611 787 in
635 723 696 801 ιεύς
719 729 886 788 desinentia
910 748 977 788 eum
999 729 1031 787 in
1053 731 1150 789 titulis
1176 732 1246 787 ante
1270 728 1368 787 Eucli-

194 827 261 885 dem
285 828 460 886 archontem
481 828 570 887 factis
594 828 704 903 ubique
728 827 759 885 in
782 827 1368 904 866661161661666666116166661666166

193 927 306 983 formas
330 925 462 984 habeant
484 918 534 1004 (cf.
557 926 691 986 Dittenb.
715 926 746 984 in
770 925 872 985 Herm.
896 924 967 982 XVI
991 945 1019 1000 p.
1045 918 1136 1002 185),
1161 926 1280 985 easdem
1304 925 1368 1002 Th,

194 1024 278 1082 cuius
302 1024 373 1082 libri
395 1024 521 1097 variant,
545 1024 710 1084 reddendas
735 1042 800 1083 esse
823 1026 974 1099 putamus,
999 1023 1177 1098 praesertim
1195 1024 1368 1082 cumidem

195 1122 234 1180 sit
256 1124 413 1196 poetarum
437 1122 637 1182 scaenicorum
665 1141 736 1182 usus
766 1115 816 1201 (cf.
841 1121 946 1179 Aesch.
972 1121 1053 1180 Pers.
1078 1122 1152 1181 486.
1177 1121 1249 1179 817.
1279 1120 1367 1196 Soph.

194 1219 269 1279 Phil.
295 1222 323 1279 4.
348 1220 441 1279 Arist.
464 1221 541 1296 Equ.
566 1221 639 1279 815.
662 1219 718 1279 Av.
746 1221 838 1279 1040.
863 1219 932 1295 Lys.
959 1221 1052 1278 1169.
1077 1219 1150 1278 lton.
1175 1210 1262 1299 694).
1308 1219 1368 1278 Ubi

195 1321 296 1377 autem
320 1316 563 1376 terminationem
586 1310 636 1387 εύς
655 1317 715 1375 6116
733 1319 824 1391 atque
843 1338 854 1374 ι
872 1317 984 1376 vocalis
1003 1317 1163 1391 praecedit,
1187 1317 1368 1392 optimorum

193 1415 343 1491 sequenda
361 1417 408 1475 est
426 1414 571 1474 librorum
594 1414 767 1474 auctoritas.
804 1413 979 1474 Accusativi
1002 1415 1155 1473 nominum
1178 1415 1367 1491 propriorum

146 1556 148 1560 ι
192 1514 303 1573 tertiae
335 1513 542 1572 declinationis
575 1512 606 1570 16
635 1535 672 1590 ης
704 1513 735 1571 16
771 1513 870 1572 1116116
908 1514 978 1571 6616
1011 1512 1167 1572 Euclidem
1203 1513 1304 1590 factis,
1343 1514 1368 1574 si

193 1606 445 1690 <Τισ>σαφρένην
469 1610 537 1671 CIA
562 1611 632 1671 64b
658 1613 708 1686 14,
733 1609 812 1687 quod
835 1629 944 1669 nomen
967 1609 1159 1686 peregrinum
1184 1613 1239 1686 661,
1263 1612 1367 1686 excipi-

191 1730 267 1785 mus,
290 1712 464 1770 constanter
486 1711 518 1768 in
540 1733 560 1787 η
585 1713 694 1769 exeunt
719 1702 768 1788 (cf.
788 1708 941 1766 Meisterh.
962 1705 981 1782 ἓ
1004 1708 1054 1784 32,
1076 1700 1109 1788 6)
1134 1711 1165 1767 61
1186 1704 1368 1787 έτεροκλίτως

191 1809 222 1867 16
240 1831 279 1886 ην
297 1810 496 1867 formatorum
514 1811 635 1883 praeter
653 1807 777 1866 titulum
793 1808 993 1864 memoratum
1007 1808 1077 1864 aute
1092 1803 1138 1864 Ol.
1156 1808 1218 1866 100
1233 1810 1368 1884 exempla

192 1926 251 1965 non
270 1906 478 1980 inveniuntur3
501 1906 581 1980 apud
602 1906 741 1980 antiquos
761 1905 863 1962 autem
881 1905 986 1978 poetas
1006 1903 1166 1980 scaenicae,
1185 1905 1367 1981 Aeschylum
1444 1926 1449 1937 ·

192 2004 266 2080 dico,
286 2003 469 2078 Sophoclem,
492 2002 675 2079 Euripidem,
692 2001 934 2076 Aristophanem,
953 2001 1067 2060 formae
1086 2002 1155 2079 16η
1175 2002 1257 2061 salvo
1271 2006 1367 2063 metro

192 2101 303 2177 ubique
326 2101 446 2160 rest'tui
470 2104 501 2159 et
523 2104 649 2176 possunt
668 2101 699 2158 et
719 2099 836 2159 debent.
871 2099 1042 2159 61776611.
1062 2097 1131 2160 Cur.
1151 2101 1243 2175 epigr.
1268 2120 1295 2177 p.
1317 2105 1367 2162 24.

191 2199 257 2258 Hae
280 2199 375 2275 igitur
397 2199 470 2257 item
494 2199 558 2274 Th,
582 2198 667 2258 ouius
689 2197 760 2255 libri
783 2198 886 2256 multis
910 2199 983 2257 locis
1002 2198 1129 2270 variant,
1154 2201 1223 2257 sunt
1242 2199 1366 2258 redden-

190 2297 252 2355 dae.
290 2296 500 2356 Nominativos
520 2296 674 2354 nominum
692 2296 883 2371 propriorum
901 2297 933 2355 in
952 2297 1047 2372 -κλῆς,
1072 2315 1197 2372 quorum
1216 2297 1247 2357 in
1268 2299 1366 2358 titulis

189 2396 298 2454 6616116
323 2394 532 2470 Thucydideae
557 2396 674 2453 solutae
698 2396 729 2453 et
754 2397 924 2454 contractae
947 2395 1062 2453 formae
1086 2398 1219 2472 exstant,
1248 2397 1367 2456 sedita

190 2497 225 2552 61
253 2494 324 2552 11166
351 2493 447 2552 multo
476 2493 537 2552 6161
564 2493 693 2551 rariores
723 2486 771 2572 (cf.
796 2492 929 2554 DIttenb.
956 2494 987 2551 in
1009 2492 1112 2553 Herm.
1136 2493 1223 2551 XVII
1247 2516 1274 2570 p.
1300 2490 1366 2573 35),

191 2591 223 2648 16
251 2608 387 2650 sermone
415 2590 535 2666 vulgari
561 2590 752 2665 potissimum
780 2591 894 2650 solutos
923 2591 1017 2651 fuisse
1043 2592 1138 2650 docet·
1153 2591 1266 2653 Weckl.
1290 2594 1309 2650 l.
1333 2593 1366 2669 l.;

190 2706 260 2746 nam
277 2687 519 2763 Aristophanem,
539 2689 591 2763 qui
609 2688 720 2748 habeat
738 2688 849 2764 ubique
868 2684 1054 2767 Μεγακλέης,
1076 2684 1245 2766 Περικλέης,
1264 2692 1364 2765 Σοφο-

190 2782 285 2862 κλέης,
304 2777 473 2865 Ἱεροκλέης,
495 2780 667 2863 Ξενοκλέης,
691 2783 859 2864 Φιλοκλέης,
883 2790 988 2846 contra
1007 2779 1154 2863 Ἡρακλῆς
1178 2780 1266 2865 (Itan.
1292 2789 1365 2848 282.

191 2886 264 2944 464.
289 2886 361 2944 581.
394 2883 465 2960 Lys.
490 2885 563 2944 928.
596 2884 687 2960 Vesp.
713 2887 763 2944 60.
795 2883 869 2944 Ach.
895 2878 975 2964 860)
999 2888 1030 2944 61
1055 2884 1251 2961 Θεμιστοκλῆς
1275 2877 1364 2964 (Equ.

189 2974 270 3063 884)
299 3000 465 3041 sermonem
493 2983 650 3057 vulgarem
678 2986 813 3042 secutum
842 3002 908 3042 esse
935 3000 989 3043 nec
1021 2983 1149 3041 formam
1180 2982 1364 3041 contractam

189 3080 247 3140 nisi
279 3080 367 3140 metri
400 3098 491 3140 causa
523 3079 695 3140 adhibuisse
727 3081 830 3141 videri.
887 3080 973 3151 Quod
1010 3082 1048 3141 ad
1083 3080 1212 3156 tragicos
1246 3080 1364 3159 attinet,

191 3179 321 3237 solutam
344 3180 471 3237 formam
490 3171 657 3256 Ἐτεοκλέης
680 3179 773 3237 habet
795 3177 901 3239 Aesch.
926 3178 1007 3255 Sept.
1032 3182 1061 3256 6,
1089 3181 1193 3237 contra
1213 3171 1365 3256 Ἐτεοκλῆς

190 3276 279 3352 Soph.
304 3275 362 3336 00.
387 3277 472 3336 1295
503 3280 533 3336 61
559 3277 670 3352 ubique
693 3268 855 3355 Ἡρακλῆς,
880 3268 1033 3354 Ἐτεοκλῆς
1058 3276 1128 3334 Eur.
1153 3275 1263 3335 Phoen.
1288 3278 1362 3336 433.

191 3376 401 3448 14611438,
425 3375 477 3433 sed
497 3367 663 3451 Ἐτεοκλέης
684 3376 778 3433 1372.
801 3376 894 3433 1390.
921 3375 1015 3450 1587,
1033 3368 1181 3452 Ἡρακλῆς
1203 3373 1290 3433 Herc.
1313 3377 1363 3435 12.

189 3475 262 3534 581.
293 3475 386 3533 1250.
419 3474 517 3549 1414,
545 3471 598 3532 sed
620 3464 783 3550 Ἡρακλέης
811 3471 929 3532 Heraol.
959 3474 1031 3533 210.
1062 3472 1150 3532 Here.
1180 3475 1257 3550 925,
1285 3475 1364 3534 unde

188 3591 331 3648 apparere
358 3571 479 3631 videtur
506 3572 560 3631 hos
588 3571 720 3630 vicissim
749 3572 848 3639 661616
876 3571 972 3630 forma
995 3572 1053 3631 nisi
1075 3572 1167 3631 metri
1191 3590 1281 3631 causa
1303 3591 1363 3632 non

187 3689 257 3730 6666
285 3689 358 3730 esse.
405 3669 483 3729 Utut
511 3689 542 3729 se
570 3670 675 3745 habet,
703 3688 764 3728 non
787 3674 834 3730 661
857 3688 909 3729 cur
932 3668 1117 3745 Thucydidis
1141 3668 1226 3727 libris
1250 3669 1363 3729 diffida-

187 3787 264 3844 mus,
286 3767 337 3843 qui
355 3770 539 3827 contractam
556 3769 684 3828 formam
702 3768 851 3828 exhibent.
889 3766 1079 3826 substantivi
1098 3759 1171 3824 11666
1189 3767 1363 3844 genetivum

187 3885 252 3926 6666
289 3858 413 3939 ἄστεως,
449 3883 509 3923 nou
545 3857 645 3936 ἄστεος
682 3868 713 3924 61
748 3865 975 3941 inscriptionum
1017 3866 1153 3939 exempla
1195 3858 1362 3944 (Meisterh.

187 3967 278 4041 §30,
304 3956 337 4044 1)
367 3965 397 4021 61
423 3964 580 4037 poetarum
609 3963 811 4022 scaenicorum
838 3982 911 4024 usus
940 3962 1079 4023 ostendit.
1127 3963 1281 4023 61666.
1305 3966 1361 4024 lex.

188 4063 276 4138 Soph.
302 4081 324 4122 s.
348 4081 374 4120 v.
399 4064 430 4119 et
453 4058 569 4119 Usener
596 4061 627 4119 in
650 4061 759 4119 Annal.
787 4061 860 4136 phil.
886 4080 911 4120 a.
939 4063 1022 4121 1873
1047 4083 1075 4137 p.
1102 4063 1174 4122 159.
1219 4062 1361 4122 Dativum

186 4155 265 4238 ῆρως
288 4159 426 4219 vocabuli
450 4177 517 4218 6666
539 4152 601 4240 ῆρῳ
626 4163 656 4220 61
679 4157 789 4218 Moeris
812 4157 926 4220 indicat
955 4150 1034 4239 (ῆρω
1058 4157 1145 4239 χωρὶς
1168 4161 1255 4219 τοῦί
1274 4153 1361 4221 Ἀκα-

186 4248 247 4337 κοί)
276 4259 306 4315 61
334 4255 426 4316 Arist.
454 4258 511 4318 Av.
537 4259 631 4317 1490.
662 4256 739 4316 Plat.
769 4275 841 4317 com.
870 4259 977 4336 fragm.
1003 4260 1076 4332 174,
1102 4258 1141 4316 18
1170 4250 1229 4336 (ed.
1255 4251 1360 4339 Koch.)

186 4354 374 4429 confirmant,
398 4373 493 4415 accus.
516 4355 592 4430 plur.
618 4373 683 4414 esse
705 4348 786 4435 ῆρως
804 4355 915 4432 Phryn.
934 4376 961 4430 p.
984 4356 1045 4414 158
1066 4354 1137 4412 dicit
1160 4353 1250 4430 idque
1268 4355 1361 4416 hahet

187 4455 294 4516 Aesch.
326 4453 384 4529 Ag.
413 4455 486 4516 516.
536 4455 626 4531 Apud
660 4454 714 4514 Th.
746 4455 840 4534 igitur
871 4452 1056 4514 emendanda
1088 4454 1158 4512 sunt
1189 4446 1289 4531 ῆρωας
1317 4455 1360 4516 IV
