3104 5078
549 292 552 297 ’
664 303 880 366 -61-

186 481 331 539 66116666
351 482 468 537 6666166
488 496 562 536 esse.
600 477 702 552 Longe
721 476 874 534 diversum
893 477 940 534 661
962 473 1151 554 παρημέλουν
1174 477 1187 534 Ι
1209 478 1259 550 25,
1280 479 1298 536 3
1323 495 1358 534 ex

186 571 266 654 παρά
284 580 315 635 61
333 570 443 654 άμελέω
464 580 571 635 ortum.
599 575 706 649 Itaque
721 575 825 633 eadem
840 575 995 649 augmenti
1008 575 1105 633 forma
1118 576 1166 634 hic
1181 578 1212 633 et
1226 575 1296 651 Lys.
1311 573 1358 632 ΙΙΙ

189 676 227 732 17
244 674 398 732 inferenda
413 677 459 732 661
473 692 562 748 quarn
576 692 654 731 6666
668 673 760 731 habes
775 671 854 747 apud
865 671 1007 731 Herodot.
1018 672 1078 731 VII
1089 675 1162 734 238.
1176 673 1262 732 Deru.
1272 670 1358 730 XVII
1398 672 1402 677 ’

187 774 238 831 22.
261 770 369 831 Aesch.
392 770 439 828 111
460 773 509 830 77.
555 770 650 840 Quam
673 773 790 829 mature
813 771 898 830 verbi
922 771 1070 847 originem
1091 772 1233 847 ignorare
1257 789 1358 846 coepe-

185 870 247 929 rint
266 869 399 928 ostendit
416 865 665 947 τταρηνομημένου
684 867 733 926 DS
756 870 806 944 76,
826 871 877 942 39,
901 868 954 943 661
972 869 1079 927 1116166
1104 870 1134 926 16
1154 868 1243 927 06616
1261 869 1358 927 166166

187 970 277 1026 6616.
298 961 393 1046 35514
413 986 439 1028 6.
459 966 511 1026 Oh.
531 966 674 1031 Attamen
693 966 802 1025 Atticis
824 965 1020 1041 scriptoribus
1043 968 1120 1025 hanc
1144 968 1359 1042 qualiscunque

187 1066 233 1123 661
265 1065 467 1141 ignorantiam
500 1065 551 1126 vix
583 1068 664 1125 recte
696 1063 902 1139 imputaveris.
957 1065 1024 1123 Etsi
1057 1065 1110 1122 Th.
1143 1084 1202 1124 non
1234 1058 1359 1123 ἐκάθισα

186 1162 274 1237 666,
307 1165 358 1222 666
385 1166 497 1223 mera
525 1163 569 1233 66
595 1147 705 1238 661.
732 1162 791 1220 vu
820 1164 871 1238 66,
901 1165 919 1220 6
948 1157 1000 1235 (cf.
1028 1163 1100 1223 rur.
1128 1163 1237 1220 66666.
1265 1163 1357 1220 666.

186 1261 280 1319 Α6161.
302 1262 376 1320 Rau.
397 1264 475 1339 9113
498 1263 530 1318 in
553 1260 691 1320 Menaud.
714 1261 819 1334 fragm.
835 1243 918 1335 112,
941 1261 959 1317 5
983 1265 1114 1320 καθῖσαν
1137 1280 1190 1336 666
1214 1253 1359 1318 ἐκάθισαν
1407 1305 1411 1311 ,

186 1359 349 1418 rescribere
383 1351 483 1439 11661),
519 1363 620 1418 tamen
653 1351 780 1434 ἐκάθητο
812 1356 839 1414 V
873 1358 901 1430 6,
935 1357 963 1434 5,
1000 1353 1147 1436 ἐκάθηντο
1175 1359 1222 1417 III
1251 1362 1301 1431 97,
1331 1361 1359 1417 2.

185 1457 229 1514 IV
256 1459 308 1531 44,
338 1458 357 1514 4
386 1452 435 1536 (of.
464 1457 556 1516 Arist.
586 1458 640 1517 Av.
670 1447 765 1536 510);
795 1474 887 1531 quare
920 1455 1011 1514 etiam
1035 1457 1063 1513 V
1088 1457 1138 1532 58,
1162 1458 1182 1514 4
1211 1451 1359 1534 ἐκάθηντο

70 1551 71 1555 ’
149 1595 152 1601 -
185 1556 273 1614 611661
310 1556 475 1631 scripturae
515 1557 647 1631 καθῆντο
684 1554 732 1612 661
767 1546 901 1630 κάθηντο
939 1547 993 1632 (cf.
1030 1554 1123 1614 Arist.
1161 1557 1240 1614 Eccl.
1280 1547 1359 1634 302)
1484 1643 1486 1647 Ι

184 1654 304 1712 6166166
331 1653 559 1728 praeferendum
590 1671 663 1710 esse.
714 1650 762 1709 III
790 1653 842 1723 58,
871 1652 889 1708 5
922 1649 1055 1710 Atticam
1088 1653 1248 1711 dialectum
1282 1652 1358 1710 εἱσα-

184 1748 281 1826 μένων
308 1752 460 1826 666161666
489 1742 666 1831 (εἱσαμένων
688 1749 764 1827 Ρ61.,
793 1750 900 1824 reliqui
929 1746 1110 1828 ἑσσαμένων,
1139 1747 1289 1827 ἐσομένων
1312 1752 1360 1809 661

185 1869 221 1906 ex
243 1851 365 1925 interpr.
380 1841 608 1928 ἱδρυσαμένων)
636 1850 708 1907 Eur.
736 1848 825 1923 Hipp.
850 1850 900 1906 31.
933 1847 997 1922 Iph.
1027 1849 1060 1907 T.
1091 1851 1153 1906 946
1189 1848 1359 1907 ostendunt.

186 1948 364 2005 Tollendum
396 1951 442 2006 661
474 1949 670 2022 augmentum
703 1946 734 2003 in
761 1945 919 2021 participio
946 1941 1155 2023 προεκθέμενος
1183 1946 1230 2004 ΙΙΙ
1260 1949 1310 2019 64,
1343 1952 1355 2004 1
1426 1927 1433 1939 ’

187 2046 312 2121 tradit03
335 2064 404 2103 uam
428 2064 504 2120 6666
528 2044 592 2104 6166
617 2045 751 2119 exempla
775 2045 976 2103 afferebantur
1000 2038 1120 2121 (Aesch.
1143 2046 1158 2103 I
1179 2047 1251 2104 165.
1275 2046 1359 2105 Deru.

126 2206 129 2212 ,
186 2143 256 2200 XIX
281 2146 353 2203 233.
382 2144 504 2219 Dionys.
532 2143 599 2203 Hal.
623 2141 695 2201 Ant.
718 2142 733 2199 I
758 2143 808 2202 65.
837 2141 896 2198 VH
918 2145 970 2201 42.
1000 2143 1082 2201 Luci.
1106 2144 1176 2203 Tox.
1203 2146 1252 2202 39.
1278 2142 1358 2202 0666.

187 2241 273 2300 Dion.
298 2241 354 2299 LII
380 2245 428 2314 10,
455 2244 484 2301 3.
519 2241 589 2298 LIX
614 2243 665 2317 23,
689 2231 739 2320 5),
769 2259 806 2299 66
829 2244 1020 2298 correxerunt
1042 2241 1197 2319 nouissimi
1221 2235 1358 2301 editores

274 2339 446 2400 Proximum
467 2343 513 2398 661
532 2343 566 2398 61
585 2338 701 2397 (1166166
716 2338 752 2397 (16
765 2338 927 2397 66666666
941 2338 1212 2398 terminationibus.
1250 2339 1357 2399 Secun-

187 2439 254 2497 dam
282 2457 360 2515 pers.
389 2440 465 2513 sing.
493 2437 647 2496 indicativi
674 2437 841 2512 praesentis
870 2439 901 2494 61
929 2435 1025 2494 161661
1052 2437 1143 2494 medii
1170 2438 1219 2496 661
1247 2438 1360 2513 6666161

186 2537 265 2610 apud
289 2539 406 2595 6616666
430 2535 547 2594 Atticos
571 2535 601 2592 in
625 2555 650 2593 ει
673 2535 768 2594 exisse
793 2534 981 2610 grammatici
1007 2526 1132 2613 (Herod.
1155 2534 1186 2592 11
1211 2537 1284 2610 831,
1309 2539 1358 2594 34.

187 2635 276 2691 schol.
305 2633 399 2692 Arist.
428 2634 546 2691 Thesm.
573 2634 645 2689 141.
677 2632 751 2690 Rau.
775 2633 849 2691 469.
882 2631 1021 2689 Eustath.
1050 2652 1078 2707 p.
1104 2633 1176 2706 641,
1202 2635 1229 2691 6.
1266 2636 1360 2709 1723,

190 2731 237 2789 18.
271 2731 365 2789 Belrk.
396 2729 506 2788 Anccd.
539 2751 567 2806 p.
598 2721 697 2810 1290)
727 2748 787 2787 uno
816 2747 960 2788 consensu
992 2728 1158 2804 affirmant,
1190 2729 1248 2788 6161
1281 2733 1359 2804 quod

155 2900 157 2905 Ι
187 2827 410 2887 Choeroboscus
435 2822 541 2910 (Beklr.
567 2827 677 2887 Anccd.
701 2827 720 2885 l.
744 2818 778 2906 1.)
801 2827 933 2902 tragicos
957 2825 1075 2902 excipit,
1099 2827 1149 2902 qui
1173 2847 1359 2886 communem

187 2927 315 2984 formam
343 2926 543 2986 adhibuerint.
589 2926 673 2984 Licet
701 2929 802 2984 autem
830 2925 919 2982 huius
947 2925 1125 2984 auctoritate
1154 2926 1359 2985 confidendum
1476 2918 1481 2925 ’

187 3025 226 3083 611
245 3017 291 3104 (61
310 3025 345 3082 61.
365 3024 454 3085 Dind.
476 3025 569 3101 praef.
589 3024 626 3082 ad
645 3024 728 3083 Poe't.
749 3042 826 3082 soen.
848 3044 875 3098 p.
895 3017 953 3100 IX)
978 3024 1008 3080 61
1031 3023 1138 3097 tragici
1162 3024 1359 3100 antiquiorem

187 3140 275 3179 usum
302 3123 482 3182 retinuerint
509 3117 709 3200 (primitivum
737 3122 816 3181 euim
839 3125 910 3180 'erat
942 3145 962 3202 6
994 3141 1048 3196 666
1083 3114 1156 3201 εαι),
1190 3126 1290 3197 tamen
1324 3123 1359 3183 dc

187 3219 310 3294 reliquis
329 3221 439 3279 Atticis
459 3221 653 3295 scriptoribus
674 3240 735 3281 uon
758 3223 805 3279 661
828 3220 1024 3278 dubitandum
1049 3220 1119 3295 quiu
1143 3239 1209 3279 eam
1232 3221 1359 3280 formam

187 3318 217 3374 in
241 3337 265 3375 ει
288 3318 525 3394 terminaverint,
548 3318 627 3394 quod
651 3320 688 3377 de
707 3317 910 3394 Aristophane
934 3318 1045 3377 diserte
1069 3320 1201 3377 testatur
1219 3320 1358 3379 Eustath.

186 3436 214 3490 p.
245 3418 343 3490 1723,
374 3419 423 3476 18.
474 3416 544 3474 Ν611
576 3416 654 3476 cuim
687 3416 807 3475 credere
835 3419 934 3474 totum
963 3417 1019 3474 hoc
1051 3420 1245 3492 praeceptum
1276 3437 1360 3493 repe-

186 3514 311 3572 tendum
348 3534 413 3574 esse
447 3533 469 3593 ,a
505 3515 768 3592 grammaticorum
805 3513 921 3572 incuria
954 3516 1044 3590 atque
1076 3514 1248 3590 ignorantia
1279 3520 1360 3577 6616-

188 3630 250 3669 rem
279 3613 459 3688 scripturam
487 3613 528 3670 ΕΙ
556 3632 648 3689 prave
677 3612 894 3688 accipientium.
941 3610 1017 3670 Cum
1045 3612 1124 3671 enim
1152 3612 1253 3673 Ionica
1279 3615 1361 3673 litte-

188 3712 292 3766 ratura
315 3712 409 3769 ‘multo
438 3712 520 3786 prius
547 3712 579 3770 iu
606 3712 725 3786 priuato
754 3728 843 3787 quam
870 3710 902 3768 in
929 3710 1048 3785 publico
1076 3730 1133 3769 usu
1162 3715 1243 3770 esset
1266 3706 1360 3790 (certe
1474 3730 1478 3737 ·

188 3806 267 3864 enim
299 3807 471 3883 1166161666,
511 3812 546 3866 61
581 3809 641 3867 iam
679 3808 860 3884 monuimus,
898 3810 930 3866 et
965 3805 1121 3884 Agathou,
1158 3810 1193 3866 ut
1227 3828 1263 3868 ex
1296 3809 1360 3868 6166

188 3905 296 3982 fragm.
320 3908 340 3963 4
366 3909 504 3982 6666661,
533 3924 600 3965 eam
624 3906 834 3984 adhibuerunt,
861 3923 957 3981 neque
981 3904 1079 3964 miuus
1106 3905 1138 3964 iu
1162 3896 1360 3983 inscriptioni-

72 4002 75 4010 '
110 4002 114 4008 ’
138 4002 142 4008 ’
164 4002 168 4009 ’
189 3996 277 4084 6661)
302 4023 349 4064 666
372 3996 533 4085 cernitur),
556 4003 616 4062 iam
640 4005 670 4061 in
694 4004 847 4064 veteribus
872 4002 1041 4062 Atticorum
1065 4004 1245 4081 scriptorum
1264 4024 1361 4064 exem·

188 4115 400 4126 *au—

261 4166 287 4232 1)
311 4166 352 4220 Ex
375 4167 466 4222 titulis
490 4167 691 4237 sepulcralibue
714 4166 789 4236 apud
813 4166 921 4221 Atticos
941 4165 1064 4221 Ionicum
1088 4166 1279 4221 litteraturam
1303 4166 1360 4220 iam

189 4244 263 4298 circa
281 4246 403 4299 medium
424 4248 551 4316 quintum
567 4265 591 4301 a.
608 4247 656 4302 Ch.
677 4247 818 4302 saeculum
838 4249 867 4302 in
882 4267 933 4302 usu
947 4247 1058 4317 privato
1072 4245 1159 4300 fuisse
1173 4247 1359 4316 cognoscitur,

190 4325 297 4391 quade
317 4342 345 4377 re
365 4327 398 4380 61.
419 4325 541 4380 Xoehler
561 4359 592 4366 -
613 4327 658 4380 die
682 4327 820 4382 attischen
840 4328 1005 4383 Grabsteine
1030 4328 1112 4396 (Mitt.
1137 4326 1186 4381 des
1206 4327 1359 4383 deutschen

189 4405 396 4460 6661161611661.
416 4406 451 4476 X)
470 4425 497 4475 p.
517 4413 577 4462 378.
