3104 5078
704 355 921 419 ..12-

226 519 303 600 ἔχειν
335 523 462 580 rettulit.
511 522 590 579 Nam
623 520 714 579 etiam
747 523 816 578 ante
845 520 1044 579 incursionem
1070 520 1102 578 in
1130 520 1263 579 Atticam
1290 521 1402 580 factam

226 619 469 680 Lacedaemoniis
498 617 725 677 Atheniensium
754 620 848 695 terra,
879 618 962 677 cuiue
990 617 1192 685 devastandae
1219 622 1402 693 potestatem

226 719 385 794 haberent,
413 737 467 792 pro
495 712 634 795 pignore
648 718 714 774 erat
741 715 779 773 ad
807 716 968 776 flectendos
997 734 1098 775 eorum
1127 717 1250 775 animos.
1296 717 1401 792 Neque

226 817 240 875 I
265 819 316 890 93,
341 819 359 874 2
385 815 512 892 νομίζων
535 861 568 876 ..
593 806 701 885 αύτούς
724 807 880 885 νἀυτικούς
903 809 1116 894 γεγενημένους
1145 809 1218 894 με’γα
1240 812 1402 892 προφέρειν

226 911 256 986 ἐς
278 908 310 974 τὸ
333 907 498 991 κτήσασθαι
522 903 652 988 δύναμιν
671 912 707 970 ad
727 911 864 970 futurum
883 915 1001 988 tempus
1021 907 1182 990 προφέρειν
1200 916 1326 990 spectat,
1350 914 1401 972 sed

226 1013 403 1072 vertendum
431 1015 490 1071 est:
520 1004 641 1086 ‘putans
670 1029 720 1068 eos
749 1010 884 1070 nauticos
911 1010 1008 1069 factos
1036 1011 1164 1068 multum
1193 1011 1335 1087 proficere
1363 1013 1401 1070 ad

225 1110 391 1185 potentiam
420 1111 478 1168 sibi
506 1101 756 1183 comparandam'.
806 1108 912 1184 Neque
944 1110 1023 1169 enim
1055 1113 1120 1167 tum
1148 1109 1278 1184 primum
1307 1110 1401 1169 Athe-

225 1208 343 1266 nienses
367 1207 411 1265 rei
438 1207 539 1265 navali
567 1223 689 1280 operam
718 1205 818 1263 daturi
846 1210 944 1280 erant,
973 1208 1025 1266 sed
1053 1207 1113 1265 iam
1139 1207 1294 1281 inpugna
1318 1206 1400 1265 Sala-

225 1306 318 1363 minia
344 1305 504 1364 maximam
532 1304 654 1363 navium
681 1307 797 1378 partem
826 1305 1028 1380 praebuerant
1059 1297 1089 1385 (Ι
1119 1306 1169 1377 74,
1202 1297 1244 1383 1).
1295 1304 1399 1380 Neque

226 1403 450 1462 assentiendum
478 1405 524 1461 eet
553 1401 609 1460 Th.
631 1401 850 1476 ‘Forssmanuq
879 1403 931 1478 qui
958 1404 990 1461 in
1017 1403 1051 1462 G.
1076 1403 1172 1462 Curtii
1195 1402 1279 1462 Stud.
1306 1421 1400 1479 gram.

225 1501 268 1558 VI
290 1522 318 1576 p.
344 1503 385 1559 62
400 1520 463 1577 sqq.
490 1483 671 1560 infinitivum
699 1500 865 1576 praesentis
893 1500 954 1560 vim
981 1500 1077 1560 futuri
1104 1501 1148 1559 ita
1174 1499 1286 1559 habere
1313 1519 1400 1575 posse

225 1598 390 1659 affirmavit
413 1601 447 1657 ut
470 1602 570 1658 certus
593 1598 638 1656 rei
660 1601 785 1658 eventus
809 1599 1037 1675 significaretur.
1084 1599 1169 1669 Quod
1195 1598 1274 1657 enim
1297 1599 1401 1657 eodem

225 1696 313 1757 modo
341 1695 521 1755 indicativus
549 1698 716 1771 praesentis
744 1698 787 1756 rei
815 1698 935 1756 futurae
965 1698 1173 1773 exprimendae
1198 1696 1400 1771 adhiberetur,

224 1797 273 1854 hic
301 1813 421 1854 causam
449 1815 507 1855 uon
531 1806 602 1853 ‘esse
631 1796 758 1855 credidit
784 1816 835 1856 cur
858 1796 883 1854 is
908 1815 980 1856 usus
1004 1796 1041 1854 ab
1065 1795 1211 1854 infinitivo
1235 1795 1401 1871 praesentis

225 1895 341 1952 alienus
364 1893 524 1952 videretur.
563 1893 608 1950 Ex
627 1893 743 1952 duobus
762 1897 864 1953 autem
882 1895 1038 1954 indicativi
1056 1893 1200 1969 exemplis
1220 1912 1295 1969 quae
1314 1894 1402 1953 effert

224 1991 354 2049 alterum
382 1990 425 2048 VI
454 1993 505 2066 91,
534 1995 552 2048 3
583 1989 625 2049 sic
652 1992 777 2068 legitur:
810 1989 859 2052 καί
887 1991 914 2052 εί
939 1986 1014 2070 αὕτη
1041 2016 1060 2070 η
1093 1985 1178 2063 πόλις
1205 1984 1400 2078 ληφθήσεται,

224 2086 316 2166 ἔχεται
339 2085 386 2146 καί
410 2081 430 2165 ἡ
453 2090 535 2146 πάσα
558 2090 685 2149 Σικελία.
728 2091 787 2151 Sed
810 2093 937 2167 apparet
959 2091 1015 2149 hoc
1038 2090 1102 2149 loco
1126 2088 1218 2148 verbo
1241 2087 1332 2167 ἔχεται
1357 2090 1399 2148 rei

224 2187 375 2261 perfectae
404 2187 517 2244 statum
546 2186 687 2265 describi,
719 2189 829 2265 quippe
857 2190 940 2248 euius
969 2188 1070 2247 sensui
1097 2187 1277 2263 respondeat
1304 2187 1400 2262 ipsius

225 2284 309 2343 verbi
328 2277 491 2361 λαμβάνειν
508 2286 674 2361 perfectum
694 2285 835 2363 εἰληπται,
853 2306 912 2346 non
931 2304 1073 2362 praeseus
1092 2279 1278 2363 λαμβάνεται.
1315 2284 1399 2354 Quod

225 2382 250 2439 si
278 2383 480 2458 reputaveris,
508 2402 566 2441 non
593 2385 705 2459 poteris
733 2404 791 2444 non
821 2384 982 2444 concedere
1010 2384 1099 2443 huius
1124 2384 1251 2459 exempli
1275 2383 1399 2442 eandem

226 2480 372 2539 rationem
396 2499 461 2540 esse
484 2484 574 2556 atque
598 2481 662 2540 eius
685 2484 765 2557 quod
788 2483 888 2543 estin
912 2482 1002 2558 Soph.
1024 2481 1101 2538 Phil.
1122 2481 1177 2539 75:
1201 2479 1231 2538 εἴ
1249 2502 1283 2557 με
1305 2474 1400 2551 τόξων

224 2570 372 2656 ἐγκρατὴς·
396 2571 582 2655 αἰσθήσεται,
614 2573 724 2654 όλωλα,
757 2581 865 2656 quibus
897 2579 1004 2638 deinde
1032 2579 1134 2638 futuro
1163 2579 1298 2653 tempere
1326 2597 1399 2637 usus

220 2678 314 2751 'poeta
336 2677 420 2735 addit
441 2673 492 2736 καί
515 2671 546 2735 σὲ
568 2676 801 2755 προσόιαφθερῶ
824 2672 930 2750 ξυνόν.
969 2676 1013 2736 Of.
1038 2677 1145 2736 Matth.
1166 2675 1264 2736 Grem.
1284 2678 1304 2751 ξ
1324 2680 1398 2738 500.

224 2774 335 2849 Krueg.
359 2774 459 2834 (iram.
483 2773 503 2846 ξ
524 2775 575 2847 53,
599 2776 618 2833 3
643 2775 709 2835 adn.
735 2778 764 2836 4.
805 2776 888 2835 Idem
912 2774 1050 2834 infinitivi
1074 2774 1199 2849 perfecti
1223 2794 1295 2834 usus
1319 2777 1398 2851 apud

225 2871 316 2930 Thus.
339 2871 370 2930 ΙΙ
395 2873 423 2945 8,
442 2873 467 2929 «4
491 2865 637 2953 ἐντούτῳ
661 2894 689 2931 τε
711 2875 898 2933 κεκωλῦσθαι
921 2866 1016 2932 ἐδόκει
1044 2865 1154 2953 ἑκάστῳ
1184 2865 1218 2930 τά
1244 2866 1397 2952 πράγματα

224 2957 247 3052 ᾧ
271 2963 311 3046 μή
334 2962 486 3041 τιςαύτός
510 2966 655 3048 παρέσται.
696 2971 765 3029 Pari
790 2971 876 3030 mcdc
900 2972 990 3047 atque
1014 2970 1093 3046 apud
1117 2970 1209 3030 Thuc.
1233 2969 1276 3027 VI
1301 2974 1351 3046 91,
1376 2975 1394 3031 3

223 3064 315 3144 ἔχεται
333 3066 364 3124 in
383 3067 454 3124 Eur.
473 3066 618 3126 Androm.
636 3069 697 3126 381
722 3060 762 3145 ἢν
784 3063 884 3149 θάνῃς
908 3062 955 3143 σύ,
978 3072 1048 3138 παῖς
1071 3060 1119 3126 h'd’
1145 3061 1281 3147 ἐκφεύγει
1305 3062 1397 3146 μόρον

223 3183 363 3241 praesens
387 3157 522 3244 ἐκφεύγει
544 3166 803 3240 interpretandum
827 3171 886 3245 est,
910 3168 1019 3242 quippe
1042 3166 1121 3241 quod
1144 3166 1248 3225 eadem
1271 3168 1397 3242 perfecti

223 3264 252 3323 vi
276 3263 446 3338 praeditum
470 3264 510 3322 sit
530 3283 590 3339 qua
608 3264 679 3323 alibi
699 3263 823 3340 simplex
843 3258 965 3343 φεύγειν
983 3256 1035 3344 (cf.
1055 3264 1166 3341 Krueg.
1185 3264 1285 3325 Gram.
1306 3266 1325 3340 ξ
1346 3270 1397 3342 53,

225 3364 240 3418 1
268 3361 334 3419 adn.
360 3353 405 3441 3).
450 3362 555 3437 Neque
583 3360 672 3419 aliter
699 3360 805 3440 οἴχεται
832 3362 904 3421 Eur.
933 3361 1034 3437 Suppl.
1064 3365 1125 3421 712
1161 3361 1188 3421 εί
1202 3356 1252 3439 Ιμὴ
1281 3353 1397 3440 σχήσετε

132 3490 137 3501 ·
223 3452 342 3536 στερρόν
366 3452 440 3536 δόρυ
469 3491 511 3499 -
540 3461 676 3536 σπαρτῶν
702 3453 763 3519 τόδ’
789 3453 923 3540 ἀνδρῶν,
952 3459 1059 3538 οἴχεται
1085 3452 1120 3518 τά
1144 3453 1309 3530 Παλλάδος.
1356 3462 1396 3518 Et

223 3557 301 3631 apud
324 3557 422 3632 ipsum
445 3556 650 3634 Thucydidem
674 3558 778 3617 eadem
800 3561 916 3619 ratione
940 3557 1146 3635 explicandum
1170 3559 1218 3615 est
1239 3558 1254 3615 Ι
1279 3560 1352 3634 143,
1377 3561 1395 3617 5

223 3646 417 3732 κρατήσαντές
440 3675 469 3713 τε
491 3648 547 3733 γάρ
571 3642 662 3725 αὖθις
681 3648 736 3713 ούκ
754 3649 888 3716 ἕλάσσοσι
907 3649 1084 3735 μαχούμεθα
1103 3649 1152 3713 καί
1170 3646 1210 3732 ἢν
1228 3658 1396 3734 σφαλῶμεν,
1416 3715 1417 3718 ,

222 3747 257 3812 τά
280 3756 339 3812 τῶν
362 3744 532 3832 ξυμμάχων,
556 3746 630 3813 ὅθεν
648 3746 795 3832 ι’σχύομεν,
818 3748 1065 3833 προσαπόλλυται,
1088 3753 1142 3812 ubi
1160 3747 1396 3831 προσαπόλλυται

223 3853 356 3910 eiusdem
386 3851 528 3927 temporis
562 3870 628 3910 esse
660 3855 751 3928 atque
783 3847 957 3932 μαχούμεθα
989 3851 1182 3912 manifestum
1214 3856 1268 3912 est.
1316 3853 1395 3911 Nam

222 3944 367 4009 όλλυσθαι
390 3951 513 4026 eiusque
532 3951 695 4025 composita
715 3953 833 4027 saepius
851 3970 919 4010 cum
937 3951 967 4009 ui
990 3949 1116 4025 perfecti
1135 3951 1235 4010 velere
1253 3950 1395 4025 perisse

223 4052 271 4107 sat
298 4047 403 4106 multis
432 4048 575 4123 exemplis
604 4048 834 4110 demonstratur.
882 4049 925 4108 Of.
953 4048 1060 4106 Aesch.
1089 4048 1147 4125 Ag.
1177 4051 1250 4124 528,
1278 4049 1330 4107 ubi
1359 4050 1394 4107 de

222 4147 313 4207 Troia
336 4147 433 4206 excisa
461 4147 569 4206 dicitur
596 4142 645 4205 καί
676 4142 787 4225 σπέρμα
815 4141 911 4225 πάσης
934 4139 1124 4218 ἐξαπόλλυται
1150 4141 1275 4226 χθονός,
1305 4147 1395 4223 Soph.

223 4244 283 4304 ΟΒ.
309 4248 370 4306 799
395 4245 534 4322 ἱκνοῦμαι
555 4238 659 4304 τούσδε
682 4238 750 4317 τούς
773 4239 888 4325 χιόρους
910 4242 943 4304 ἕν
967 4237 1011 4316 οἷς
1041 4275 1077 4284 -
1111 4238 1148 4304 σὺ
1176 4239 1227 4321 τὸν
1249 4239 1396 4324 τύραννον

221 4345 325 4402 τοῦτον
348 4338 491 4403 όλλυσθαι
513 4338 617 4421 λέγεις,
645 4343 738 4404 Arist.
763 4345 829 4404 Pac.
854 4345 917 4404 355
945 4334 1051 4401 ἱκανόν
1073 4336 1181 4421 χρόνον
1203 4336 1395 4421 άπολλύμεθα

222 4437 272 4498 καὶ
294 4441 548 4518 κατατετρίμμεθα.
586 4440 741 4500 Accedunt
763 4442 821 4501 loci
844 4441 896 4501 ubi
916 4434 1031 4516 pariter
1053 4444 1144 4518 atque
1167 4442 1247 4517 apud
1265 4441 1357 4502 Thuc.
1380 4441 1396 4499 Ι
1435 4448 1439 4454 “
