3104 5078
656 294 871 357 „40-

178 453 227 519 διόι
250 462 301 535 τῆς
325 480 350 518 ει
374 453 544 539 διφθόγγου
568 450 647 535 παρὰ
671 452 702 517 τὸ
726 463 822 530 νεῖκος
848 455 968 539 ἐγένετο.
1005 460 1083 518 Nam
1106 462 1188 518 certa
1211 461 1352 535 analogia

178 561 273 636 docet,
293 559 319 617 si
338 577 356 616 a
373 562 470 629 νεῖκος
489 558 635 633 originem
653 557 707 615 illa
725 557 843 634 ducant,
866 558 1006 617 adiectivi
1023 559 1150 618 formam
1170 552 1351 636 φιλονεικης,

178 677 237 715 non
269 646 438 732 φιλόνεικος
470 674 535 714 esse
567 655 714 730 oportere.
769 655 848 712 Nam
880 657 911 714 iu
943 659 1008 715 toto
1041 657 1096 715 hoc
1128 657 1350 732 compositionis

178 755 416 831 genereneutra
434 753 464 810 in
484 776 516 824 ος
539 752 779 811 terminationem
802 775 837 829 ης
861 745 977 832 (suph
1001 748 1111 831 -ανδης
1135 748 1219 832 -αχης
1243 750 1351 835 -βαρής

180 845 281 929 -βελής
312 844 410 929 μνενης
442 844 530 926 -επής
563 843 663 928 -ερκης
695 843 772 927 -ετης
805 845 932 930 ’θαρσής
964 844 1062 929 -κλεης
1095 846 1214 930 -κρατής
1246 848 1352 932 -κυδη’ς

179 943 282 1026 -μενής
301 941 407 1025 primic
427 941 530 1025 -μερης
548 942 654 1024 -νεφής
672 938 789 1024 -παθης
806 942 932 1026 -πενθης
952 942 1082 1026 -πληθής
1101 945 1224 1026 1σθενής
1245 946 1352 1030 -τειχής

179 1040 273 1123 -τελής
302 1038 416 1124 -τεοχής
444 1038 550 1125 φανός)
579 1045 719 1103 efficiunt.
767 1045 814 1103 Sic
842 1065 860 1104 a
888 1050 983 1119 νεῖκος
1011 1047 1130 1107 ducitur
1156 1048 1351 1126 Πολυνείκης,

178 1145 262 1204 cuius
280 1144 408 1203 nominis
427 1143 573 1219 originem
588 1143 747 1218 designant
762 1142 850 1218 Soph.
865 1143 936 1202 Ant.
953 1147 1025 1203 111.
1044 1146 1114 1204 Eur.
1130 1145 1240 1204 Phoen.
1256 1148 1352 1220 1494,

179 1236 354 1318 πολονεικης
388 1233 508 1322 (Aeseh.
542 1240 621 1316 Sept.
656 1233 736 1322 830)
770 1232 948 1320 ἆμφινεικής
983 1236 1088 1322 (Soph.
1123 1243 1228 1301 Trach.
1265 1236 1352 1325 104).

179 1343 284 1415 Neque
316 1340 414 1398 minus
447 1342 571 1414 propter
604 1339 852 1414 significationem
887 1340 1050 1417 φιλονεικία
1082 1340 1263 1400 reiciendum
1297 1346 1351 1402 est.

180 1441 258 1498 Nam
282 1442 379 1509 νεῖκος
402 1437 512 1512 rixam,
536 1438 777 1513 controversiam,
801 1457 932 1513 pugnam
957 1438 1115 1514 significat,
1138 1438 1353 1509 concertandi

179 1539 240 1597 vim
263 1537 368 1609 habet,
397 1535 476 1593 unde
499 1535 571 1593 oriri
594 1536 689 1610 possit
711 1536 876 1611 φιλονεικία
899 1537 1042 1597 vocabulo
1067 1536 1239 1595 ambitionis
1261 1535 1351 1596 notio.

179 1635 315 1710 Denique
342 1652 406 1691 rem
434 1632 562 1689 maxime
590 1630 746 1691 confirmat
768 1635 845 1693 Plat.
874 1635 911 1693 de
936 1634 1007 1710 ltep.
1031 1636 1091 1693 581
1110 1634 1138 1691 b.
1163 1635 1225 1693 582
1243 1653 1272 1708 e,
1300 1634 1353 1692 ubi
1410 1677 1414 1683 -

180 1733 211 1790 in
239 1730 321 1791 codd.
349 1730 469 1805 quidem
498 1722 667 1804 φιλόνεικον
696 1732 727 1788 et
754 1725 920 1808 φιλόνεικος
947 1732 1072 1809 legitur,
1101 1731 1153 1790 scd
1176 1731 1241 1807 ipse
1265 1732 1352 1791 Plato

183 1850 285 1889 eorum
304 1828 517 1888 vocabulorum
537 1827 682 1902 originem
706 1832 829 1889 ονικᾶν
848 1831 968 1910 ο1ινίκη
992 1830 1110 1905 repetit.
1145 1831 1237 1888 Recte
1260 1830 1354 1906 igitur

182 1929 273 1987 schol.
306 1926 344 1984 ad
376 1925 453 1983 Plat.
482 1925 546 1984 Alc.
577 1928 637 1983 122
654 1946 682 2002 c,
716 1926 767 1984 ubi
798 1928 872 1986 item
905 1927 1088 2005 φιλονεικίαν
1121 1928 1266 1986 traditum
1298 1932 1354 2003 est,

181 2026 339 2105 σημείωσαι
368 2022 537 2100 φιλονικίαν
565 2017 614 2082 διό
641 2027 693 2083 τοῦ
723 2041 745 2103 r,
772 2018 827 2101 τὴν
851 2025 954 2102 φιλίαν
976 2028 1028 2100 τῆς
1050 2025 1142 2103 νίκης.
1190 2024 1234 2084 Cf.
1258 2025 1354 2086 Bekk.

181 2124 292 2184 Anecd.
306 2145 333 2199 p.
346 2123 419 2195 315,
433 2124 473 2179 23
489 2114 668 2196 φιλόνεικος·
687 2114 703 2181 ό
718 2115 797 2199 παρὰ
811 2116 842 2182 τό
857 2120 1002 2202 βέλτιστον
1017 2125 1102 2181 νικᾶν
1116 2118 1222 2180 θέλων.
1242 2122 1354 2182 Veram

181 2224 308 2281 formam
331 2218 497 2296 φιλονικίας
525 2219 606 2293 apud
629 2219 683 2278 Th.
708 2219 723 2276 I
747 2221 798 2294 41,
823 2224 841 2280 3
866 2221 929 2279 Pal.
954 2222 1095 2280 servavit.
1140 2221 1250 2279 Parum
1273 2226 1354 2281 recte

182 2314 293 2394 ὠφελία
321 2317 358 2375 ab
382 2316 491 2374 Herod.
516 2315 547 2373 Π
572 2318 643 2388 611,
671 2320 687 2374 1
716 2312 942 2395 ποιητικώτερον
970 2338 1059 2392 qnam
1087 2311 1212 2393 ὠφέλεια
1241 2317 1299 2377 dici
1325 2322 1355 2377 et

181 2421 337 2492 poetarum
357 2414 560 2472 scaenicorum
584 2432 656 2471 usus
680 2415 821 2493 ostendit,
844 2417 896 2491 qui
920 2418 1045 2490 utraque
1069 2416 1165 2474 forma
1187 2416 1354 2489 promiscue

183 2517 309 2574 utuntur
338 2505 478 2593 (ὠφέλεια
503 2509 590 2586 Soph.
615 2512 661 2569 El.
687 2515 759 2572 944.
783 2515 881 2573 Arist.
906 2515 1024 2572 Thesm.
1051 2515 1123 2588 193,
1147 2507 1258 2591 ὠφελία
1281 2515 1353 2575 Eur.

182 2614 322 2671 Androm.
353 2612 425 2669 539.
454 2609 546 2668 Arist.
575 2611 651 2669 Eccl.
682 2606 775 2694 576),
804 2615 834 2671 et
862 2605 973 2688 ὠφελία
1002 2610 1070 2670 dlA
1097 2611 1111 2668 Ι
1138 2613 1189 2688 85,
1214 2615 1247 2688 35
1275 2613 1355 2689 apud

183 2710 386 2787 Thucydidem
411 2712 444 2765 ut
468 2709 547 2781 apud
571 2708 726 2768 Platonem
755 2705 805 2792 (cf.
831 2710 965 2768 Schanzii
993 2710 1082 2769 Proll.
1111 2710 1150 2767 ad
1177 2709 1255 2770 Plat.
1279 2711 1310 2769 ΙΙ
1336 2714 1353 2769 2

183 2831 209 2884 p.
234 2809 293 2866 VII
304 2800 381 2884 sqq.)
410 2799 521 2881 ὠφελία
549 2806 661 2865 maiore
689 2808 834 2867 librorum
862 2808 1041 2867 auctoritate
1065 2807 1184 2866 videtur
1207 2828 1355 2869 commen-

118 2968 124 2981 ,
183 2908 247 2965 dari
271 2907 403 2980 itemque
426 2903 579 2982 προμηθία
603 2897 653 2984 (cf.
678 2905 787 2968 Herod.
811 2907 841 2964 Il
863 2906 1023 2984 453,15),
1046 2925 1105 2981 qua
1128 2907 1224 2965 forma
1246 2908 1356 2984 tragici

183 3005 247 3063 solu
274 3004 321 3061 usi
349 3005 419 3060 sunt
446 2995 496 3080 (cf.
520 3001 607 3060 Dind.
635 3003 691 3060 lex.
720 3003 808 3078 soph,
836 3024 857 3063 s.
883 2998 934 3084 u).
980 3005 1022 3063 Ut
1050 3002 1210 3082 προεδρίαν
1234 3004 1300 3063 OIA
1323 3005 1354 3063 ΙΙ

184 3104 256 3173 316,
287 3103 336 3159 24.
366 3099 414 3157 DS
443 3101 515 3159 345.
531 3098 636 3158 'Arist
665 3101 741 3176 Equ.
770 3104 842 3160 575.
874 3105 935 3161 702
964 3103 1105 3179 legimus,
1134 3103 1176 3160 sic
1198 3103 1213 3161 I
1238 3105 1311 3180 126,
1335 3105 1354 3162 8

182 3197 341 3278 προσεδρίᾳ
369 3192 466 3276 (codd.
497 3197 584 3273 longe
613 3198 734 3272 plurimi
763 3204 794 3258 et
821 3200 925 3277 optimi
953 3195 1139 3282 προσεδρείᾳ)
1167 3201 1354 3260 scribendum

60 3345 66 3359 .
184 3301 237 3355 est.
280 3298 393 3370 Aperte
417 3295 528 3354 falsum
552 3297 598 3353 est
622 3291 761 3372 ἑταιρείας
784 3297 831 3354 ΙΙΙ
856 3299 907 3383 62,
931 3300 949 3356 5
974 3297 1005 3355 in
1028 3297 1131 3371 paucis
1153 3298 1240 3355 libris
1264 3298 1355 3356 tradi·

183 3400 246 3453 tum
276 3395 326 3473 tol.
351 3393 461 3450 Herod.
485 3392 514 3450 ll
541 3395 614 3468 512,
640 3387 708 3473 22),
736 3415 790 3455 nec
818 3397 963 3471 probatur
982 3395 1149 3463 discrimen
1176 3390 1256 3472 quod
1278 3397 1357 3455 inter

184 3488 322 3567 ἑταιρίαν,
346 3490 517 3565 amicitiam,
537 3493 568 3549 et
587 3487 740 3568 ἑταιρείαν,
763 3494 944 3569 sodalitium,
967 3493 1039 3553 Lob.
1059 3492 1097 3552 ad
1116 3492 1203 3568 Soph.
1223 3491 1271 3553 Ai.
1291 3495 1354 3554 682

184 3593 215 3647 et
242 3589 329 3646 Dind.
359 3588 389 3644 in
418 3586 519 3662 Steph.
550 3588 637 3646 Thes.
667 3594 813 3650 statuunt.
864 3592 968 3667 Neque
1001 3593 1097 3667 magis
1126 3592 1272 3651 oredimus
1301 3593 1356 3652 Th.

184 3706 310 3761 usquam
343 3677 459 3762 στρατιό
490 3704 544 3760 pro
577 3685 707 3762 στρατεία
740 3688 863 3762 dixisse,
897 3708 1068 3765 quanquam
1101 3709 1167 3748 cum
1199 3709 1234 3749 eo
1266 3709 1357 3749 sensu
1442 3744 1450 3757 ,

184 3786 297 3842 dictum
321 3786 367 3842 est
390 3784 429 3841 ab
453 3781 656 3859 Aristophane
683 3779 734 3862 (cf.
758 3786 849 3846 Koch.
875 3788 912 3846 ud
938 3788 1010 3862 liqu.
1036 3782 1113 3866 587)
1137 3791 1168 3846 et
1192 3789 1302 3864 legitur
1325 3788 1356 3845 in

185 3882 256 3944 t'lh
276 3881 305 3937 Π
332 3883 403 3938 176.
443 3881 520 3939 Nam
544 3901 611 3939 cunr
634 3902 688 3957 pro
711 3885 899 3959 expeditione
923 3887 961 3943 ab
984 3885 1186 3960 Aristophane
1208 3903 1357 3961 nusquam

184 3978 315 4057 στρατεία
338 3979 468 4055 dicatur,
495 3998 513 4037 a
536 3981 659 4055 tragicis
682 4001 829 4058 nusquam
853 3977 970 4060 στρατιό
993 3974 1046 4063 (cf.
1071 3983 1177 4042 Aescli.
1200 3983 1258 4058 Ag.
1283 3984 1355 4043 603.

184 4079 270 4136 llum.
296 4080 369 4136 631.
397 4078 468 4134 llur.
492 4077 594 4152 Suppl.
620 4081 670 4137 23.
696 4084 767 4141 116.
789 4084 850 4140 229
877 4086 907 4139 et
930 4080 1037 4139 Aesch.
1060 4081 1141 4140 Pers.
1162 4084 1190 4140 9.
1210 4083 1261 4139 25.
1283 4084 1356 4143 534.

186 4179 258 4233 857.
284 4177 356 4233 918.
387 4176 441 4251 Ag.
468 4178 539 4235 799.
570 4176 641 4235 Eur.
664 4176 735 4236 Hec.
762 4180 833 4238 133.
862 4177 927 4252 lph.
951 4176 985 4234 A.
1013 4180 1082 4236 171.
1110 4179 1180 4237 753.
1214 4179 1303 4239 Rhes.
1328 4181 1356 4240 6.

189 4272 237 4329 15.
268 4274 316 4329 19.
347 4274 396 4332 38.
427 4263 519 4353 233),
548 4271 600 4331 sed
628 4273 744 4333 duobus
772 4275 844 4333 locis
871 4293 924 4348 pro
953 4274 1084 4333 exercitu
1111 4274 1241 4352 στρατεία
1269 4267 1355 4355 (llur.

188 4368 253 4443 lph.
273 4368 310 4425 A.
331 4371 406 4429 495.
429 4371 518 4430 Ithes.
539 4362 627 4451 263),
650 4371 735 4431 illum
759 4392 848 4431 usum
871 4373 1000 4433 sermoni
1022 4372 1140 4447 vulgari
1163 4374 1357 4433 tribuendum
