3104 5078
679 349 895 410 ..13-

762 567 802 635 11.

288 726 414 801 Aliquot
446 727 518 786 locis
551 727 641 784 etiam
673 725 839 784 infinitivus
871 725 967 783 futuri
1001 726 1033 783 in
1062 725 1245 802 Thucydidis
1278 726 1370 785 libros

198 826 323 898 propter
344 825 590 883 terminationum
612 824 838 883 similitudinem
856 842 910 898 pro
929 823 1077 883 infinitivo
1096 823 1202 882 acuisti
1219 824 1268 883 vel
1286 843 1370 899 prae-

198 922 292 980 sentis
311 923 442 998 irrepsit.
480 922 616 981 Tolerari
638 941 698 981 non
721 924 822 997 potest
844 921 890 979 ΠΙ
910 923 960 996 28,
984 924 1000 978 1
1026 915 1230 980 ιἰποιιιολύσειν
1250 919 1371 981 δυνατοὶ

196 1013 286 1090 ὄντες.
336 1019 409 1089 Quis
442 1021 521 1079 enim
553 1013 756 1079 ἆποιιωλιὶσειν
788 1013 918 1096 δύναμαι
951 1019 1081 1078 dixerit?
1132 1020 1271 1078 Editores
1305 1021 1370 1077 sola

196 1117 341 1176 librorum
374 1120 567 1193 auctoritate,
597 1138 657 1178 non
689 1119 831 1194 exemplis
864 1119 1011 1178 nituntur.
1064 1119 1144 1177 Nam
1174 1119 1234 1175 VH
1266 1121 1315 1192 11,
1349 1121 1368 1176 3

196 1209 355 1291 δυναίμεθ’
384 1208 424 1274 ἂν
451 1210 612 1295 χρήσεσθαι
639 1217 726 1275 nihili
753 1219 813 1293 est,
846 1235 914 1274 cum
941 1216 1072 1291 optimus
1100 1217 1177 1276 liber
1204 1216 1369 1275 Vaticanus

194 1306 362 1390 χρήσασθαι
383 1307 568 1394 praebeat.¹)
606 1314 720 1373 Eodem
743 1313 831 1372 modo
854 1333 886 1372 se
909 1314 1005 1390 decipi
1027 1314 1109 1389 passi
1133 1319 1204 1373 sunt
1226 1315 1257 1372 ΙΙ
1279 1317 1328 1389 29,
1349 1316 1367 1372 5

142 1435 144 1439 ·
195 1429 263 1467 cum
292 1429 327 1468 ex
354 1412 491 1485 plurimis
519 1411 659 1470 codicibis
686 1408 816 1488 πέμψειν
843 1413 1023 1492 reciperent3
1050 1431 1121 1470 nam
1148 1416 1269 1487 praeter
1290 1412 1369 1469 huuc

194 1510 293 1566 locum
320 1510 421 1568 nullus
453 1511 552 1568 exstat
579 1528 638 1586 quo
665 1509 783 1569 πεέθειν
809 1509 930 1569 uolendi
956 1509 986 1568 vi
1010 1509 1179 1584 praeditum
1203 1509 1368 1567 infinitivus

193 1606 288 1664 futuri
316 1610 466 1682 sequatur.
513 1608 710 1666 Restituenda
736 1608 830 1684 igitur
858 1613 905 1665 est
932 1607 1030 1665 altera
1058 1607 1207 1681 scriptura
1233 1603 1366 1683 πέμπειν.

193 1703 338 1762 Similiter
364 1705 380 1762 Ι
409 1707 459 1778 27,
489 1708 507 1762 2
536 1706 659 1781 plurimi
686 1707 800 1766 codices
828 1699 998 1782 ἐδεήθησαν
1022 1750 1028 1761 .
1053 1747 1060 1760 .
1085 1752 1091 1762 .
1122 1701 1368 1783 ξυμπροπέμψειν

195 1803 308 1861 habent
330 1803 418 1880 idque
438 1808 597 1863 servarunt
614 1805 753 1864 editores.
791 1803 850 1863 Sed
871 1803 938 1878 quis
961 1801 1113 1860 dubitabit
1136 1800 1367 1881 ξυμπροπέμψυι

193 1901 371 1975 scripturam
399 1903 574 1976 restituere,
602 1903 628 1960 si
655 1903 778 1978 reliquis
806 1902 879 1959 locis
905 1900 1043 1960 omuibus
1067 1899 1184 1959 δεῖσθαι
1208 1906 1261 1959 aut
1283 1921 1367 1976 prae-

192 1998 286 2056 sentis
316 2002 369 2057 aut
401 2000 505 2058 aoristi
537 2000 717 2058 infinitivum
749 2000 833 2075 sequi
870 1998 1078 2074 reputaverit?
1129 1999 1236 2075 Neque
1268 2001 1365 2075 magis

191 2096 314 2171 reliquis
333 2092 453 2157 volendi
471 2098 571 2157 verbis
590 2098 755 2157 infinitivus
776 2098 872 2156 futuri
895 2102 984 2172 aptus
1008 2101 1063 2157 est.
1100 2096 1225 2156 Duobus
1248 2102 1365 2156 tantum

192 2194 265 2253 locis
288 2200 358 2269 post
380 2215 416 2254 ea
438 2196 568 2255 traditus
591 2198 651 2254 est:
676 2196 720 2254 VI
744 2199 773 2273 6,
799 2201 814 2254 1
841 2192 989 2272 ἐφιέμενοι
1012 2240 1018 2252 .
1044 2242 1049 2252 .
1073 2198 1125 2273 τῆς
1146 2190 1245 2273 πάσης
1267 2191 1368 2273 ἄρξειν

192 2296 223 2349 et
247 2292 290 2349 VI
315 2296 366 2370 57,
393 2296 412 2352 3
441 2289 599 2372 ἐβούλοντο
624 2341 630 2353 .
655 2342 662 2354 .
690 2288 982 2371 προτιμωρήσεσθοιι,
1010 2294 1170 2370 utrobique
1197 2294 1272 2354 vitio
1298 2313 1364 2369 per-

190 2392 314 2466 vulgato
342 2393 480 2467 scriptus.
532 2393 635 2451 Priore
664 2393 743 2451 enim
770 2393 836 2450 loco
864 2386 951 2469 ἄρξαι
979 2385 1078 2469 (verte
1106 2386 1212 2451 ‘totius
1240 2392 1366 2467 imperio

190 2483 306 2565 potiri'3
325 2508 395 2547 nam
413 2492 543 2549 aoristus
562 2492 750 2550 incohatirus
770 2493 817 2548 est
837 2488 904 2547 utI
923 2492 952 2563 4,
976 2494 1000 2547 l.
1025 2486 1052 2546 V
1068 2493 1119 2564 91,
1134 2493 1163 2548 2.
1187 2489 1231 2548 VI
1250 2492 1301 2564 85,
1322 2482 1364 2567 3),

190 2588 285 2645 altero
308 2582 590 2665 προιιμωρήσασθιιι
612 2587 823 2664 corrigendum
846 2590 900 2645 est
947 2586 1037 2646 Patet
1064 2591 1209 2663 quantum
1233 2587 1364 2645 editores

189 2686 219 2741 in
247 2685 361 2744 tradita
391 2686 577 2762 singulorum
608 2688 741 2746 locorum
769 2686 918 2762 scriptura
946 2705 1039 2762 eaque
1069 2687 1143 2744 satis
1174 2687 1265 2744 dubia
1294 2686 1364 2743 hae-

189 2787 290 2842 rentes
308 2784 482 2843 universum
505 2786 652 2843 librorum
675 2803 853 2843 consensum
876 2785 1074 2861 neglexerint,
1096 2786 1274 2860 praesertim
1297 2803 1363 2841 cum

189 2881 286 2939 tribus
309 2882 400 2940 etiam
424 2884 497 2942 locis
520 2903 593 2943 vera
615 2885 764 2959 scriptura
786 2886 872 2957 parte
895 2882 1028 2940 codicum
1056 2883 1217 2941 memoriae
1245 2881 1364 2957 prodita

189 2979 236 3035 sit.
283 2979 367 3038 Unus
397 2985 500 3039 tamen
528 2981 611 3040 locus
639 2985 737 3040 restat
764 2980 822 3037 VII
852 2984 904 3055 21,
933 2983 952 3038 3
984 2976 1180 3050 ξυνυνέπειθε
1209 2976 1242 3037 δὲ
1269 2977 1319 3037 καὶ
1346 2972 1363 3039 ὁ

182 3072 396 3156 Ἑρμοκράτης·
407 3074 462 3158 οὐχ
484 3073 587 3158 ἥκιστα
611 3082 664 3139 τοῦ
681 3082 745 3150 ταῖς
763 3075 850 3136 ναυσὶ
869 3071 909 3154 μή
929 3071 1060 3154 ἀθυμεῖν
1079 3073 1271 3157 ἐπιχειρήσειν
1288 3071 1363 3156 πρὸς

187 3170 256 3247 τοὺς
280 3170 476 3254 Ἀθηναίους,
506 3177 558 3235 scd
586 3179 611 3236 is
635 3177 723 3235 valde
746 3179 904 3250 suspectae
927 3176 1006 3234 fidei.
1051 3176 1129 3234 Nam
1152 3179 1362 3252 praeterquam
1412 3242 1415 3244 ,

187 3275 267 3348 quod
294 3277 347 3334 τοῦ
375 3276 489 3332 frustra
516 3276 665 3350 explicare
691 3274 789 3333 oonati
812 3278 895 3348 sunt,
924 3274 1043 3348 quade
1067 3293 1100 3331 re
1123 3274 1184 3331 dixi
1206 3274 1237 3332 in
1261 3273 1361 3349 Symb.

188 3373 260 3444 phil
290 3373 384 3432 Bonn.
413 3393 441 3447 p.
474 3374 547 3448 388,
581 3369 737 3451 ἐπιχειρεῖν
768 3392 836 3431 cuin
868 3365 943 3448 πρός
975 3372 1124 3430 coniuncti
1154 3392 1251 3446 neque
1282 3371 1362 3446 apud

188 3469 393 3545 Thucydidem
421 3491 518 3547 neque
545 3473 625 3546 apud
653 3472 747 3528 alium
773 3471 950 3545 scriptorem
974 3471 1145 3545 exemplum
1169 3476 1276 3529 exstat
1322 3471 1362 3528 ut

187 3567 258 3640 qnid
281 3561 412 3644 ἀθυμεῖν
435 3563 628 3647 ἐπιχειρήσειν
651 3568 733 3626 aliud
757 3571 804 3626 est
826 3569 884 3626 nisi
906 3563 1078 3643 ‘desperare
1096 3589 1129 3627 se
1147 3589 1361 3646 aggressurum

187 3659 284 3722 esse'?
329 3666 373 3724 Ut
394 3667 526 3725 breviter
550 3668 646 3725 dicam
669 3667 748 3742 quod
773 3669 881 3741 sentio,
910 3662 1103 3745 ἐπιχειρήσειν
1125 3688 1160 3726 ex
1183 3665 1361 3745 ἐπιχειρῆσαι

186 3763 235 3820 rel
263 3761 441 3841 ἐπιχείρησιν
467 3766 685 3840 interpretandi
713 3783 804 3822 causa
831 3765 981 3840 adscripto
1010 3771 1110 3823 ortum
1138 3768 1169 3823 et
1200 3767 1360 3842 legendum

186 3880 251 3918 esse
279 3864 413 3936 suspicor
440 3861 635 3934 ξυνονέπειθε
664 3859 696 3922 δέ
724 3861 773 3922 καὶ
795 3857 812 3922 d
833 3856 1034 3942 Ἑρμοκράτης
1042 3848 1111 3941 οὐχ
1134 3857 1228 3940 ἥκιστ’
1252 3857 1361 3932 αὐτοῦς

185 3964 247 4030 ταῖς
277 3955 365 4017 ναυσὶ
392 3953 434 4036 μὴ
461 3954 591 4036 ἀθυμεῖν
618 3955 693 4037 πρὸς
719 3955 788 4033 τοὺς
813 3952 1010 4038 Ἀθηναίους,
1037 3963 1056 4019 1.
1082 3981 1106 4020 e.
1135 3955 1274 4019 ‘navibus
1301 3980 1360 4018 non

185 4057 320 4115 diffidere
343 4058 488 4116 adversus
513 4054 731 4118 Athenienses'.
770 4060 816 4120 cf.
839 4061 869 4117 Π
889 4062 942 4133 88,
965 4063 993 4118 3.
1018 4059 1078 4116 VII
1104 4062 1154 4133 60,
1179 4062 1207 4117 5.
1245 4059 1289 4118 De
1313 4060 1359 4116 his

189 4198 206 4201 ...
218 4198 270 4202 iss-
279 4195 398 4202 m..—

258 4286 283 4350 1)
308 4282 419 4335 Dudum
445 4283 474 4335 in
493 4282 577 4352 Soph.
598 4283 662 4336 Phil
684 4291 752 4338 1394
770 4301 821 4352 pro
840 4287 949 4338 πείσειν
972 4282 1175 4354 ὀνησόμεσθα
1197 4284 1358 4337 restitutum

185 4364 230 4442 ost
247 4365 362 4416 πείθειν
381 4366 561 4431 dvv.,'neque
576 4364 691 4418 dubium
711 4365 778 4431 quin
796 4364 825 4417 in
844 4366 916 4418 Plat.
937 4365 1040 4420 Pbaed.
1057 4372 1090 4417 ’13
1101 4381 1119 4417 a
1137 4360 1189 4418 οιήι
1204 4359 1241 4418 ἂν
1255 4363 1313 4417 οἷοί
1328 4382 1356 4415 τε

185 4443 259 4510 qous
278 4444 362 4496 τοῦτο
380 4439 511 4509 ποιήσειν
530 4444 707 4497 scribendum
726 4447 764 4497 sit
781 4446 906 4513 ποιήσαι.
