3104 5078
662 337 902 418 -25-‚

186 523 333 580 nusquam
363 505 583 563 coniunctivum
611 503 716 576 habet,
743 503 886 562 restituit.
932 502 1016 573 Quod
1044 505 1171 580 denique
1198 505 1230 561 in
1253 503 1360 562 Phere-

187 603 277 662 cratis
301 604 408 678 fragm.
434 603 506 677 143,
532 605 548 661 7
575 593 633 682 (ed.
658 593 764 680 Koch.)
789 594 871 671 ὅπως
893 593 1103 681 ἀνεκλογίστως
1125 604 1257 673 πλεῖστος
1280 594 1361 673 010ος

187 698 303 783 ἐκποθῇ
328 704 440 774 exstat,
463 699 607 758 trochaici
630 697 799 758 tetrametri
822 697 853 756 in
876 700 983 774 quibus
1007 701 1079 758 haec
1103 701 1195 760 verba
1217 702 1362 777 leguntur

186 816 245 857 non
269 797 410 874 diverbii,
439 798 490 856 sed
518 787 713 875 ἐπιρρήματος
735 795 878 855 videntur
900 798 1049 871 particula
1072 817 1145 859 esse.
1192 797 1219 855 A
1243 798 1361 858 comicis

187 897 372 972 tragicorum
400 915 497 956 sermo
526 896 569 954 ita
598 895 747 969 discrepat
774 896 810 952 ut
835 896 931 954 multo
954 896 1141 971 frequentius
1165 890 1245 968 ὅπως
1269 900 1300 955 et
1323 888 1362 968 ὡς

172 1014 256 1059 ,cum
278 994 359 1053 nudo
384 993 568 1054 coniunctivo
591 992 720 1067 iungant
742 1010 832 1068 quam
855 986 894 1051 div
917 992 1031 1052 addant
1054 996 1084 1052 et
1107 995 1158 1053 ubi
1177 988 1216 1053 div
1234 995 1363 1052 addatur

188 1092 285 1151 multo
309 1091 427 1166 saepius
451 1082 491 1162 ὡς
514 1084 552 1148 ἄν
575 1108 665 1165 quam
688 1083 770 1162 ὅπως
792 1083 831 1148 dv
853 1084 1025 1169 habeant.¹)
1072 1092 1149 1150 Hinc
1173 1092 1361 1168 cognoscitur

188 1190 370 1248 sublimioris
403 1189 521 1248 dicendi
552 1188 672 1264 generis
705 1188 798 1247 fuisse
831 1183 911 1261 ὅπως
944 1193 975 1249 ct
1010 1182 1049 1262 ὡς
1081 1211 1149 1249 curn
1184 1192 1264 1250 nudo
1296 1210 1363 1250 eon-

187 1287 327 1362 iunctiro,
350 1287 381 1345 in
405 1305 540 1346 sermone
565 1286 715 1345 communi
737 1280 775 1344 ἅν
798 1288 933 1346 additum
957 1308 1037 1364 esse,
1060 1288 1118 1347 nisi
1141 1290 1220 1364 quod
1244 1289 1281 1347 ab
1306 1309 1362 1348 usn
1406 1280 1408 1284 ἱ

188 1385 379 1462 epigraphico
400 1376 438 1456 ὥς
457 1385 546 1443 finale
566 1385 684 1442 omnino
703 1385 834 1443 alienum
855 1385 922 1444 fuit
959 1385 1007 1443 Ad
1027 1385 1237 1462 Thucydideae
1261 1389 1362 1444 autem

186 1483 331 1542 historiae
359 1483 570 1541 austeritatem
599 1481 726 1539 maxime
755 1482 951 1541 conveniebat
978 1483 1148 1543 sublimitas
1177 1483 1361 1561 elocutionis,

189 1584 219 1640 et
247 1600 337 1657 quam
365 1582 501 1640 consulto
530 1598 595 1639 cam
623 1583 743 1639 secutus
772 1581 811 1640 sit
838 1582 959 1657 praeter
987 1581 1060 1656 alia,
1087 1582 1172 1640 velut
1199 1598 1239 1641 σσ
1264 1586 1295 1642 et
1323 1601 1363 1660 po

188 1681 355 1754 antiquiore
374 1698 456 1738 more
475 1699 528 1755 pro
547 1681 632 1766 rtet
651 1700 689 1757 pp
708 1679 814 1754 posita,
838 1679 965 1737 maxime
986 1680 1208 1738 enuntiatorum
1228 1680 1361 1738 finalium

188 1778 224 1837 ab
257 1772 338 1848 ’ὅπως
371 1780 402 1837 et
434 1770 474 1849 ὡς
506 1777 688 1836 ordientium
721 1779 873 1836 structura
903 1778 1043 1837 ostendit.
1093 1779 1172 1836 Nam
1200 1779 1294 1837 additi
1325 1779 1363 1837 ad

188 1875 410 1935 coniunctirum
443 1869 481 1934 dv
515 1895 606 1933 unum
639 1873 718 1949 apud
751 1894 819 1933 eum
850 1877 1018 1951 exemplum
1047 1877 1199 1935 invenitur
1226 1876 1363 1951 idemque

188 1994 280 2033 unum
300 1966 340 2044 ὡς
363 1973 474 2033 finalis:
504 1974 547 2032 VI
572 1976 623 2048 91,
648 1978 668 2032 4
697 1974 723 2034 εἰ
745 1963 784 2052 μὴ
809 2020 815 2032 .
841 2021 847 2034 .
871 2019 878 2032 .
901 1969 1028 2049 πέμψετε
1057 1966 1152 2050 ἄνδρα
1175 1968 1364 2051 Σπαρτιάτην

188 2067 324 2150 ἄρχοντα,
350 2063 389 2142 ὡς
407 2063 446 2131 dv
464 2065 533 2143 τούς
552 2093 580 2130 τε
600 2065 748 2150 παρόντας
767 2065 893 2150 ξυντάξῃ
913 2067 962 2128 καὶ
981 2063 1050 2141 τοὺς
1064 2063 1102 2147 μὴ
1117 2065 1259 2142 θέλοντας
1273 2088 1361 2147 προσ-

188 2162 342 2249 αναγκάσῃ
365 2187 424 2228 non
448 2171 543 2246 magis
567 2171 596 2228 in
622 2170 820 2245 suspicionem
843 2169 1008 2227 vocandum
1032 2186 1122 2244 quam
1152 2170 1243 2227 semel
1274 2169 1365 2244 scrip-

188 2271 254 2326 tum
278 2266 338 2324 VII
363 2268 414 2344 65,
439 2271 456 2325 2
486 2261 567 2338 ὅπως
594 2262 634 2326 dv
660 2267 749 2327 finale
777 2286 843 2325 eum
872 2267 1005 2341 optativo
1035 2269 1088 2325 aut
1115 2266 1193 2342 quod
1218 2286 1276 2327 uno
1300 2268 1363 2326 loco

188 2368 226 2424 ad
249 2367 386 2425 timidam
410 2367 662 2442 exspectationem
686 2364 912 2443 significandam
940 2365 1053 2440 legitur
1075 2358 1117 2442 μή
1140 2384 1206 2424 eum
1229 2366 1363 2440 optativo

189 2467 220 2523 et
243 2459 281 2523 dv
300 2464 331 2522 ΙΙ
352 2467 401 2538 93,
422 2467 451 2523 3.
490 2464 563 2523 Ourn
586 2465 681 2540 igitur
701 2464 890 2540 Thucydides
913 2456 993 2534 ὅπως
1016 2456 1055 2522 b‘v
1078 2482 1145 2522 cunr
1168 2464 1364 2538 coniunctim,

186 2564 269 2639 'quod
292 2563 389 2621 rarius
413 2563 521 2640 tragici
544 2563 665 2641 habent,
689 2564 807 2622 omnino
831 2581 889 2621 non
913 2561 1078 2636 admiserit,
1102 2563 1194 2619 semel
1218 2562 1275 2620 sibi
1298 2581 1363 2620 con-

189 2663 314 2722 cesserit
333 2653 373 2732 ὦς
392 2655 440 2736 ἅν,
464 2680 521 2736 quo
542 2662 660 2736 saepius
680 2662 725 2719 illi
748 2663 884 2735 utuntur,
906 2660 938 2716 in
961 2678 996 2716 eo
1020 2677 1130 2733 genere
1154 2659 1244 2716 etiam
1268 2659 1364 2736 magis

189 2762 344 2836 vulgarem
368 2758 484 2817 dicendi
508 2759 750 2817 consuetudinem
775 2760 952 2833 aspernatus
976 2760 1022 2816 est
1050 2776 1139 2833 quam
1165 2757 1223 2831 ipsi
1247 2757 1362 2833 tragici,

189 2859 220 2916 in
243 2879 277 2918 eo
301 2861 403 2916 autem
426 2858 506 2932 quod
531 2849 569 2928 ὡς
592 2857 680 2916 finale
703 2875 850 2932 nusquam
875 2855 1034 2930 usurpavit
1056 2855 1114 2913 nisi
1134 2875 1192 2913 uno
1212 2856 1276 2914 loco
1297 2874 1363 2913 cum

189 2950 228 3015 ἅν
255 2957 444 3017 coniunctum
472 2957 604 3030 proxime
633 2955 747 3014 accedit
774 2955 811 3012 ad
841 2953 887 3013 sui
913 2957 943 3012 et
967 2954 1062 3012 omnis
1087 2952 1265 3028 antiquioris
1289 2956 1363 3012 tem·

188 3054 269 3130 poris
299 3074 396 3113 usum·
413 3054 651 3130 epigraphicum‚
680 3073 698 3112 a
725 3071 783 3129 quo
811 3051 887 3110 illud
914 3051 1033 3110 omnino
1065 3051 1195 3108 alienum
1224 3052 1277 3108 est.
1324 3050 1366 3109 Ut

189 3152 296 3227 tragici
321 3152 363 3210 sic
387 3152 576 3229 Thucydides
601 3172 716 3229 quoque
740 3171 799 3210 non
823 3150 918 3208 solum
943 3168 1010 3221 cum
1029 3149 1196 3224 praesentis
1216 3139 1245 3228 (I
1264 3150 1316 3222 37,
1336 3150 1364 3208 4.

191 3252 242 3327 62,
262 3251 291 3307 4.
320 3251 371 3323 87,
391 3251 420 3307 4.
448 3249 494 3307 ΙΙΙ
517 3252 569 3324 46,
590 3253 618 3309 b.
646 3252 699 3325 51,
724 3254 751 3309 2.
783 3250 833 3323 74,
859 3250 887 3306 2.
919 3249 991 3321 105,
1016 3249 1044 3306 3.
1074 3248 1146 3320 107,
1171 3249 1190 3305 3
1211 3241 1289 3326 etc),
1313 3249 1365 3305 sed

190 3347 281 3406 etiam
305 3366 372 3405 eum
395 3347 500 3405 aoristi
524 3348 710 3407 coniunctivo
734 3341 815 3417 ὅπως
838 3346 942 3404 iunxit.
980 3346 1058 3403 Nam
1078 3347 1158 3403 certa
1181 3344 1270 3403 huius
1293 3365 1365 3404 usus

190 3446 325 3520 exempla
344 3446 537 3504 inveniuntur
556 3446 608 3504 ubi
627 3447 756 3504 aoristus
777 3463 812 3502 ex
831 3443 934 3502 futuro
951 3443 1131 3518 depravatus
1148 3461 1213 3501 esse
1227 3446 1366 3521 nequeat,

189 3544 274 3602 velut
296 3543 342 3600 III
366 3545 417 3619 40,
443 3547 460 3600 2
491 3537 572 3615 ὅπως
600 3537 639 3622 μὴ
670 3590 676 3602 .
700 3588 707 3602 .
731 3591 737 3604 .
766 3535 886 3619 εὕρωσι,
915 3541 961 3598 ΙΙΙ
990 3543 1041 3615 81,
1072 3544 1087 3598 1
1118 3534 1200 3612 ὅπως
1228 3535 1266 3618 μὴ
1297 3587 1303 3601 .
1328 3589 1333 3600 .
1359 3589 1364 3600 .

190 3633 323 3715 ὀφθῶσι,
356 3639 383 3695 V
414 3641 454 3700 85
487 3634 567 3711 ὅπως
600 3634 637 3718 δή
671 3634 710 3719 μὴ
729 3639 745 3700 ’.
772 3688 777 3699 .
802 3685 810 3701 .
838 3632 1021 3717 ἀπατηθῶσι.
1074 3639 1206 3709 Quorum
1235 3639 1365 3699 Cobetus

191 3736 305 3794 nullam
328 3738 475 3796 rationem
499 3738 617 3811 habuit,
645 3759 712 3798 cum
735 3738 810 3796 VIII
836 3740 908 3811 100,
934 3740 950 3795 1
977 3730 1058 3808 ὅπως
1081 3734 1233 3814 μέμψηταί
1252 3757 1281 3794 τε
1306 3783 1366 3796 ...

191 3829 241 3891 καὶ
256 3878 263 3892 .
281 3879 308 3891 ..
329 3826 547 3913 ἆπολογήσητατ
566 3837 597 3893 et
616 3835 686 3894 alibi
705 3836 757 3895 ubi
778 3837 859 3895 facili
881 3835 1002 3911 negotio
1025 3834 1092 3894 fieri
1113 3840 1217 3910 posset
1239 3837 1366 3896 aoristos

194 3933 225 3991 in
255 3933 357 3990 lutura
386 3932 544 3991 mutandos
577 3951 642 3991 esse
675 3936 817 3993 censeret.
863 3933 1025 3991 Praeterea
1056 3934 1147 3991 etiam
1171 3935 1275 3993 coristi
1299 3954 1365 3994 con-

192 4031 339 4090 1000110οο
362 4031 394 4088 in
418 4046 459 4090 σα
484 4034 514 4090 ct
538 4047 633 4108 σωμαι
658 4031 768 4089 suturis
793 4031 960 4091 simillimos
985 4032 1140 4091 sententiis
1164 4033 1304 4092 finalibus
1329 4034 1366 4091 ab

192 4118 275 4200 ὅπως
308 4129 494 4190 ordientibus
527 4130 678 4189 adhibitos
712 4149 778 4189 esse
811 4131 987 4190 documento
1021 4132 1067 4188 est
1100 4131 1268 4204 exemplum
1307 4131 1366 4205 epi-

266 4356 290 4422 1)
315 4352 357 4407 De
377 4354 452 4407 omni
472 4354 681 4409 enuntiatorum
704 4354 831 4409 finalium
851 4354 926 4423 apud
944 4352 1067 4421 tragicos
1086 4369 1137 4405 usu
1157 4352 1191 4432 cf.
1211 4352 1314 4408 Weber
1333 4385 1366 4394 —-

193 4432 586 4504 Entwiekelungsgescbichte
606 4434 655 4489 der
674 4434 883 4489 Absichtssatze
901 4433 914 4485 I
932 4452 959 4502 p.
981 4438 1013 4486 79
1024 4449 1082 4501 sqq.
