3104 5078
665 332 704 341 -
750 293 793 359 52
843 331 880 339 -

184 462 250 523 1166
278 456 400 543 reliqui)
430 463 465 520 cf.
490 462 558 520 OIA
580 462 596 518 I
620 462 682 518 422
713 463 744 517 61
773 458 864 517 Arist.
896 458 950 516 AV.
980 479 1006 516 v.
1032 461 1094 517 126
1123 458 1166 516 ibi
1193 477 1212 517 a
1239 459 1364 518 Kirchh.

186 560 386 639 emendatum,
409 560 446 618 de
470 557 617 636 φακέλους
640 558 671 616 Π
695 560 746 634 77,
772 558 790 614 3
816 549 919 632 (longe
942 556 1064 630 plurimi
1087 551 1264 633 φακέλλους)
1289 557 1363 614 Eur.

186 658 266 735 Cycl.
296 660 369 716 242.
403 657 535 717 Marcell.
565 646 615 716 52.
667 655 715 712 An
742 652 772 710 ΙΙ
803 655 854 729 80,
884 655 901 711 6
939 647 1101 730 Θαρρύπου
1133 673 1187 729 pro
1218 648 1365 730 Θαρύπου

185 757 346 833 legendum
371 756 410 815 sit
434 755 566 814 dubitari
588 757 690 830 potest
712 755 834 827 propter
860 744 1021 828 Θαρρύπου
1040 751 1119 809 Ρ161.
1138 751 1247 829 Pyrrh.
1267 758 1283 812 1
1310 749 1365 832 (61.

189 849 393 933 Θαρρύχιαχος,
419 846 664 931 Θαρρυπιόλεμος
686 851 717 909 16
740 850 800 908 ind.
822 840 896 927 IA);
920 847 971 907 sed
997 843 1141 927 Θαρύπου
1164 851 1252 910 Paus.
1278 852 1324 910 bis
1350 853 1366 910 I

190 957 238 1026 ll,
266 957 281 1012 1
308 945 358 1031 (cf.
386 949 555 1027 Θαρυκλδας
578 951 627 1009 DS
655 951 727 1024 181,
754 940 893 1024 Θόροιιος
916 946 960 1004 OS
984 949 1048 1006 488
1067 940 1118 1026 A).

279 1053 338 1111 Pro
366 1075 381 1110 ι
407 1052 485 1110 falso
515 1049 533 1108 δ
560 1050 630 1108 libri
657 1066 727 1106 mss.
755 1047 868 1104 habent
890 1047 919 1103 in
943 1037 1079 1106 κελιτνόν
1101 1047 1132 1104 Π
1155 1049 1207 1122 49,
1231 1049 1264 1124 53
1292 1067 1365 1106 nam

187 1151 230 1208 ita
259 1151 313 1210 Th.
344 1149 501 1224 scripsisse
528 1150 658 1206 testatur
686 1144 751 1203 Acl.
777 1144 938 1218 Dionysius
967 1145 1047 1219 apud
1069 1145 1207 1205 Eustath.
1235 1167 1264 1222 p.
1290 1150 1365 1224 735,

189 1249 230 1306 57
256 1250 288 1306 61
309 1246 397 1307 Phot.
421 1266 444 1307 s.
467 1267 494 1306 v.
1002 1248 1006 1253 ’

278 1347 437 1405 Praeterea
460 1344 592 1403 breviter
616 1343 771 1402 dicendum
797 1344 843 1400 est
866 1341 902 1400 de
925 1341 1041 1416 aliquot
1058 1342 1211 1401 nominum
1229 1344 1366 1418 proprio·

189 1466 256 1504 rum
280 1445 438 1519 scriptura.
474 1442 504 1500 ΙΙ
530 1444 579 1516 17,
606 1446 620 1498 1
648 1459 750 1499 veram
774 1458 839 1498 esse
864 1439 1043 1514 scripturam
1067 1439 1156 1500 Laur.
1180 1435 1366 1519 Πελαργικόν

193 1537 316 1623 (reliqui
340 1540 497 1615 utrobique
521 1532 719 1619 Πελασγικόν)
746 1539 865 1613 praeter
888 1537 1112 1623 καρονοχιαοίαν
1134 1538 1165 1596 16
1189 1540 1308 1597 oraculo
1330 1534 1365 1598 sd

189 1632 374 1719 Πελαργικὸν
388 1631 480 1716 ἀρχὸν
494 1631 616 1715 όχιεινον
630 1639 765 1696 consulto
782 1624 950 1710 quaesitam
964 1636 1097 1694 ostendit
1111 1635 1160 1694 DS
1176 1638 1227 1710 13,
1241 1638 1280 1695 55
1291 1654 1364 1712 sqq,

189 1757 318 1815 quocum
342 1737 377 1795 61.
402 1735 495 1794 Arist.
519 1735 574 1795 Av.
600 1735 662 1794 832
688 1736 719 1792 61
743 1734 870 1809 Hesych.
895 1754 917 1794 s.
941 1755 969 1794 v.
992 1734 1150 1812 Λευκίμμη
1177 1727 1219 1812 (v.
1241 1735 1261 1791 1.
1285 1737 1364 1793 Λευ-

187 1826 291 1912 κίμνη)
325 1836 355 1892 61
391 1833 490 1910 potior
523 1833 604 1891 codd.
639 1831 802 1891 auctoritas
835 1832 866 1890 et
899 1831 996 1891 Strab.
1030 1855 1058 1908 p.
1092 1835 1170 1906 324,
1204 1824 1392 1910 Σκόμβρου·

191 1928 281 2013 όρους
303 1951 410 1991 nomen
434 1932 464 1988 ΙΙ
489 1933 540 2006 96,
569 1933 642 2006 3sq.
674 1924 714 2012 (v.
739 1930 757 1988 1.
782 1921 930 2010 Σκομίου)
956 1931 1082 1992 Aristct.
1105 1932 1259 1993 Metecrol.
1282 1930 1297 1988 I
1323 1934 1363 1991 13

190 2053 218 2107 p.
240 2030 333 2090 3501)
357 2033 466 2088 166161.
505 2028 551 2087 ΙΙΙ
576 2031 650 2102 100,
674 2031 692 2086 2
718 2047 794 2086 unus
819 2022 1184 2101 76116616Μενεδόι6ς
1208 2022 1258 2108 (61.
1282 2049 1365 2106 μενε-

191 2121 301 2208 dcirco),
320 2127 429 2202 reliqui
447 2123 629 2198 Μενέδατος.
660 2126 703 2184 IV
724 2127 775 2202 56,
796 2130 811 2184 1
835 2118 1141 2208 Ἀφροδιτίανόυοᾶδ.
1158 2119 1379 2207 Ἀφροδισίαν),

190 2228 244 2285 Th.
280 2226 434 2301 scripsisse
467 2224 576 2284 Herod.
605 2225 620 2282 I
649 2227 722 2300 287,
752 2226 792 2282 29
826 2226 965 2283 testatur.
1017 2225 1142 2283 Terram
1174 2225 1205 2282 in
1233 2223 1366 2284 confiniis

194 2323 348 2400 Argolidis
372 2326 403 2382 et
421 2322 585 2382 Laconicae
610 2324 698 2381 sitam
719 2320 893 2399 Κυνουρίαν
916 2324 1099 2398 appellatam
1123 2341 1188 2383 esse
1212 2313 1258 2402 (in
1280 2326 1366 2397 parte

190 2423 273 2482 codd.
302 2419 493 2498 Κυνοσουρία
520 2412 658 2499 vocatur)
690 2439 726 2477 ex
754 2419 898 2479 Herodot.
927 2421 1001 2478 VIII
1031 2424 1080 2482 73.
1112 2420 1209 2480 Strab.
1238 2441 1266 2496 p.
1291 2422 1364 2480 376.

189 2521 278 2579 Paus.
305 2519 351 2577 ΙΙΙ
376 2521 404 2594 2,
430 2522 505 2594 2sq.
537 2517 639 2594 Steph.
664 2518 734 2594 Bya.
758 2518 956 2594 intellegitur3
985 2520 1116 2578 alienum
1145 2521 1192 2577 est
1214 2520 1366 2577 Κυνοσου-

191 2617 276 2698 ρίδας
295 2617 326 2676 in
346 2617 460 2676 Gallim.
480 2617 589 2692 Hymn.
608 2616 655 2674 ΠΙ
676 2617 726 2690 94,
750 2616 829 2690 quod
848 2617 1036 2676 referendum
1061 2621 1108 2678 est
1129 2618 1167 2676 ad
1186 2609 1367 2694 Κυνόσουρα
1462 2698 1464 2701 ¹

191 2717 287 2776 tribus
311 2715 474 2774 Laconicae
498 2734 614 2774 nomen.
647 2713 690 2771 lv
713 2715 763 2787 75,
784 2716 802 2771 2
827 2732 928 2774 omnes
953 2715 1035 2775 codd.
1056 2707 1236 2792 Χαλκηδόνα
1251 2715 1367 2773 1161661

193 2818 313 2889 praeter
332 2813 375 2884 D,
398 2812 429 2870 in
453 2833 511 2888 quo
531 2805 714 2872 Καλκεδόυα.
751 2810 809 2870 Sed
832 2831 940 2872 nomen
964 2814 1046 2872 urbis
1070 2814 1100 2871 in
1124 2813 1260 2872 omnibus
1283 2833 1366 2870 num-

192 2911 247 2968 mis
276 2903 443 2988 Καλχηδιόν
473 2903 522 2989 (cf.
552 2911 645 2969 Eckh.
674 2910 774 2969 Doctr.
802 2930 882 2969 num.
911 2912 942 2969 ΙΙ
969 2933 998 2988 p.
1027 2907 1108 2992 411)
1136 2915 1167 2972 61
1194 2913 1307 2972 incolae
1335 2914 1366 2970 in

193 3006 260 3065 ula
298 3007 312 3064 Ι
350 3001 552 3085 Καλχηδόνιοι
588 3011 641 3068 661
680 3003 880 3084 Καλχηδόνιοι
915 3011 1115 3070 nominantur.
1175 3012 1252 3071 Nam
1288 3011 1365 3086 quod

193 3103 313 3162 Kirchh.
336 3124 364 3165 n.
390 3108 463 3167 228.
488 3108 550 3166 235
577 3098 778 3182 Χαλκηδόνιοι
800 3105 890 3181 legit,
918 3129 935 3166 ιι
963 3109 1067 3168 littera
1093 3113 1221 3185 utroque
1249 3112 1312 3169 loco
1335 3108 1367 3165 in

193 3204 400 3279 supplemento
429 3208 482 3264 est.
527 3202 677 3264 Usitatius
707 3206 807 3262 tamen
837 3203 944 3263 Atticis
977 3202 1143 3286 Καλχηδών
1170 3227 1261 3283 quam
1288 3210 1383 3265 Χαλ--

190 3293 292 3378 χηδιόν
315 3298 409 3360 luisse
434 3322 469 3361 ex
493 3303 584 3362 Arist.
609 3303 684 3378 Equ.
710 3303 772 3361 174
797 3301 963 3378 colligitur,
988 3304 1038 3362 ubi
1062 3310 1151 3381 poeta
1174 3304 1367 3364 similitudine

191 3399 343 3456 nominum
367 3394 547 3478 Καρχηδόνα
575 3404 605 3460 61
628 3392 807 3477 Καλχηδόνα
834 3401 927 3476 ludit,
957 3421 1017 3477 qua
1045 3404 1081 3463 de
1109 3424 1142 3463 re
1167 3406 1203 3463 cf.
1226 3405 1367 3463 Mueller-

192 3494 311 3554 Strueb.
331 3496 484 3574 Aristoph.
505 3520 532 3574 p.
554 3503 646 3574 asqq.
684 3497 801 3555 Ibidem
819 3497 980 3574 Bithyniae
999 3501 1122 3560 fluvium
1142 3503 1225 3561 codd.
1245 3492 1369 3578 Κύληκα

195 3596 315 3669 vocant,
342 3594 400 3653 nisi
423 3596 503 3671 quod
527 3590 644 3655 Κόλικα
666 3595 716 3669 D.,
747 3588 870 3654 Κύλυκα
893 3597 944 3657 Ar.
969 3595 1052 3674 chr,
1082 3601 1133 3658 scd
1156 3588 1277 3677 Κόλητα
1301 3619 1368 3658 eum

193 3693 349 3751 nominant
371 3693 490 3753 Arrian.
514 3694 623 3769 Peripl.
646 3695 693 3767 13,
718 3695 745 3752 3.
772 3693 910 3755 Eustath.
933 3696 971 3754 ad
995 3696 1080 3756 Dion.
1105 3698 1219 3773 Perieg.
1245 3719 1273 3758 v.
1297 3700 1369 3770 793,

192 3783 328 3867 narrata
348 3792 487 3852 Memnon
509 3793 542 3851 n
563 3792 665 3850 Photii
687 3791 928 3866 66166186
954 3797 1004 3855 se.
1041 3794 1112 3854 Non
1136 3784 1364 3871 attemperare

191 3888 305 3963 pariter
327 3892 445 3963 Σκῶλος
467 3911 521 3966 pro
540 3893 662 3963 Σκῶλος
681 3890 707 3948 V
729 3892 781 3974 18,
802 3893 820 3950 5
846 3892 1033 3951 scribendum
1058 3913 1131 3970 esse,
1155 3893 1233 3970 quod
1257 3893 1289 3951 in
1311 3894 1367 3950 tri-

191 3987 332 4046 butorum
356 3988 468 4047 tabulis
491 3989 605 4049 incolae
628 3990 739 4065 ubique
762 3983 887 4050 Σαόλιοι
910 3981 960 4071 (cf.
985 3991 1044 4050 ind.
1068 3990 1136 4050 OIA
1157 3984 1187 4073 Ι)
1210 3993 1368 4053 vocentur.

192 4084 269 4143 Nam
287 4085 370 4144 illam
389 4085 517 4145 nominis
536 4088 664 4146 formam
683 4106 742 4146 non
761 4088 859 4146 solum
879 4091 983 4146 tuctur
1002 4087 1099 4149 Strab.
1119 4110 1147 4165 p.
1166 4091 1232 4149 408
1255 4089 1368 4164 fragm·

193 4185 244 4257 23,
267 4183 315 4242 661
333 4201 387 4241 sua
405 4182 495 4242 debet
514 4184 651 4244 Eustath.
671 4205 700 4260 p.
720 4188 793 4262 265,
814 4189 865 4262 25,
889 4187 941 4244 scd
960 4186 1051 4245 etiam
1069 4188 1101 4245 in
1119 4188 1193 4263 ipsis
1216 4186 1366 4262 inseripti·

192 4280 298 4339 onibus
326 4280 436 4341 Atticis
466 4283 588 4342 eundem
620 4283 797 4342 varietatem
828 4279 992 4364 Μιλτιόριοι
1021 4281 1191 4364 Μιλκοόριοι
1224 4278 1276 4368 (cf.
1307 4285 1366 4344 ind.

192 4376 259 4437 uls
287 4373 317 4459 Ι)
350 4383 519 4441 ostendunt.
566 4380 609 4438 IV
640 4384 711 4456 103,
742 4385 757 4439 1
792 4384 958 4464 Βορμλσκου
991 4375 1088 4463 (codd.
1118 4383 1285 4462 Βρομίσκον
1314 4385 1367 4441 aut
