3104 5078
662 330 880 392 ,49-

185 500 332 560 communi
360 500 453 557 totius
477 497 620 557 Graeciae
649 514 732 553 sacro
762 497 791 551 et
816 495 848 550 in
872 496 1004 553 omnium
1028 494 1208 553 Graecorum
1232 513 1266 552 eo
1290 501 1357 552 con*

185 599 368 657 venientium
397 598 557 672 conspectu
585 586 636 673 (cf.
661 593 688 650 V
714 593 764 668 18,
790 583 860 672 10),
892 593 944 668 qui
976 593 1095 652 facilius
1119 591 1252 650 Atticam
1280 592 1359 648 certe

186 716 273 771 quam
298 697 403 755 Eleam
427 694 588 752 dialectum
610 689 836 765 intellegebant,
860 691 1039 750 collocatum
1062 694 1116 750 est.
1158 688 1258 746 Aliter
1282 689 1360 746 enim

186 795 222 851 ad
247 793 432 869 reliquarum
455 791 586 849 urbium·
601 788 827 848 similitudinem
851 788 937 846 Elide
960 789 1060 864 potius
1084 787 1159 846 illud
1182 787 1360 844 collocatum

186 895 278 966 esset,
310 892 341 948 iu
369 890 511 948 Eleorum
539 887 642 962 capite.
697 884 781 953 Quod
811 885 838 942 si
865 884 909 942 ita
936 888 995 959 est,
1029 883 1199 961 Olympiaci
1231 884 1362 959 exempli

186 990 394 1064 apographum
426 988 481 1046 Th.
510 986 541 1043 in
573 1004 646 1060 opus
676 1003 763 1042 suum
791 983 918 1059 recepit,
952 987 1006 1043 aut
1033 986 1071 1042 ab
1098 983 1162 1059 ipso
1195 983 1361 1041 confectum

187 1087 241 1144 aut
273 1087 311 1144 ab
345 1087 412 1144 aliis
445 1085 473 1143 ei
504 1084 638 1142 missum.
689 1082 833 1140 Praetera
861 1073 937 1156 ἐπήν
965 1080 1082 1139 duobus
1111 1080 1183 1138 locis
1211 1080 1362 1139 invenitur

185 1184 217 1240 in
246 1184 351 1242 ultimo
380 1203 490 1259 eorum¹
514 1185 669 1256 pactorum
702 1198 778 1254 quae
806 1178 1033 1239 Lacedaemonii
1067 1197 1134 1237 cum
1163 1178 1362 1252 Tissapherne

186 1281 329 1340 fecerunt.
376 1281 433 1340 Sed
458 1283 490 1339 in
517 1281 564 1337 his
592 1280 676 1353 patet
700 1276 834 1335 Atticam
856 1277 1017 1336 dialectum
1041 1277 1121 1354 quod
1143 1275 1261 1334 facilius
1285 1293 1363 1332 com-

186 1381 317 1438 muniter
352 1379 581 1453 intellegeretur
616 1377 803 1450 usurpatam·
827 1393 892 1433 esse
931 1367 1014 1454 (nam
1052 1375 1246 1450 Tissapherni
1282 1376 1363 1432 certe

187 1476 290 1533 Attica
317 1475 462 1533 dialectus
494 1475 617 1549 propter
643 1471 827 1530 vicinitatem
861 1472 981 1530 urbium
1008 1473 1242 1532 Atheniensibus
1272 1472 1362 1531 secia-

188 1593 254 1630 rum
282 1574 379 1650 magis
406 1575 479 1631 nota
506 1574 572 1630 erat
600 1589 689 1646 quam
716 1563 892 1652 Laconica),
925 1572 1087 1647 eademque
1121 1572 1157 1630 de
1191 1589 1281 1629 causa
1310 1591 1364 1645 pro

188 1664 308 1729 ἐπειδάν
336 1675 367 1729 et
400 1672 528 1730 fortasse
557 1670 649 1728 etiam
677 1688 731 1744 pro
761 1659 828 1743 ε’ἄν,
864 1688 939 1744 quae
969 1670 1088 1728 Atticae
1116 1668 1242 1728 dialecto
1275 1668 1363 1726 nimis

187 1768 308 1847 propria
327 1772 435 1844 essent,
455 1787 490 1828 ex
509 1766 657 1827 communi
672 1764 774 1823 Ionica
792 1759 869 1842 ἕτήν
888 1768 919 1824 et
937 1759 977 1843 ἤν
995 1767 1027 1824 in
1046 1766 1082 1824 iis
1102 1766 1213 1841 ubique
1232 1783 1365 1823 assume-

188 1866 307 1924 bantur.
353 1868 431 1925 Nam
458 1868 519 1924 iam
546 1869 612 1923 tum
636 1863 771 1921 Atticum
795 1881 963 1921 sermonem
989 1864 1217 1922 Atheniensium
1239 1862 1364 1937 imperio

188 1965 338 2023 maritimo
357 1966 475 2039 longius
494 1966 693 2039 propagatum
711 1962 742 2017 in
764 1959 950 2019 communem
974 1979 1060 2019 usum
1084 1962 1182 2021 abisse
1205 1964 1236 2018 et
1259 1953 1365 2036 κοινήν

188 2063 273 2120 illam
297 2081 333 2119 ex
357 2081 391 2119 co
416 2063 488 2120 eriri
511 2061 644 2136 coepisse
666 2058 753 2116 nobis
772 2079 948 2134 persuasum
973 2063 1027 2118 est.
1065 2059 1224 2135 Utcunque
1248 2063 1303 2132 est,
1325 2053 1365 2135 ἥν

189 2164 220 2219 ε1
243 2152 319 2238 ε’ττήν
342 2161 373 2217 in
396 2160 491 2235 pactis
515 2180 533 2218 a
557 2159 609 2216 Th.
635 2156 790 2231 exscriptis
817 2158 854 2214 ad
878 2175 968 2220 usum
996 2157 1223 2232 epigraphicum
1245 2159 1365 2214 mutare
1413 2212 1416 2218 ,

191 2277 250 2315 non
273 2258 351 2316 licet.

277 2357 313 2413 In
341 2371 376 2414 σσ
403 2375 456 2431 pro
484 2350 513 2413 'a
542 2355 663 2428 excepto
692 2347 761 2411 ἅττα
789 2356 819 2412 et
846 2370 882 2430 ρσ
908 2372 963 2427 pro
991 2374 1038 2430 ρρ
1053 2352 1159 2427 positis
1187 2355 1290 2412 tantus
1319 2357 1366 2413 est

189 2453 336 2511 librorum
360 2471 520 2511 consensus
544 2455 578 2510 ut
601 2471 660 2509 uno
688 2452 752 2511 loco
782 2446 839 2530 (VI
865 2455 915 2527 11,
939 2443 973 2529 6)
1002 2451 1033 2508 in
1062 2451 1197 2509 omnibus
1226 2451 1365 2510 videatur

190 2555 314 2624 θαρρεῖν
333 2550 394 2624 legi
412 2550 545 2624 itemque
565 2568 624 2606 uno
639 2549 703 2606 loco
718 2543 853 2624 πράττειν
869 2541 911 2630 (V
924 2551 975 2625 45,
990 2542 1024 2627 3)
1039 2548 1173 2627 κρείττων
1187 2541 1249 2626 (III
1263 2552 1314 2624 45,
1330 2542 1364 2631 4)

192 2640 369 2716 ἐξαλλάττειν
392 2639 434 2724 (V
460 2651 510 2719 71,
537 2639 569 2724 1)
598 2640 789 2719 ταράττεσθαι
816 2639 905 2725 (VIII
931 2649 981 2722 71,
1007 2639 1053 2724 1),
1086 2647 1188 2721 paucis
1216 2666 1270 2721 pro
1298 2648 1366 2704 reli-

191 2764 318 2818 quorum
341 2763 466 2802 numero
490 2744 521 2801 in
543 2745 630 2818 parte
654 2761 756 2800 eorum
779 2766 809 2802 ττ
828 2748 881 2802 aut
905 2766 939 2823 ρρ
962 2745 1141 2803 inveniatur.
1184 2745 1263 2802 Nam
1286 2746 1366 2821 quod

193 2840 284 2900 Olass.
313 2842 344 2899 in
373 2842 465 2918 praef.
494 2842 532 2900 ad
555 2843 574 2899 l.
600 2839 674 2897 VIII
696 2861 723 2916 p.
748 2841 832 2902 XXV
855 2844 927 2902 dicit
950 2843 982 2900 in
1005 2843 1073 2902 Vat.
1103 2845 1276 2902 constanter
1303 2844 1365 2902 fere
1472 2853 1476 2860 '

190 2961 219 2997 ττ
249 2941 349 3016 scribi,
379 2942 433 3000 hcc
461 2941 588 2998 maxime
617 2940 739 2998 dubium
769 2940 889 2999 videtur
917 2960 996 3016 esse,
1025 2961 1093 3000 cum
1121 2960 1156 2999 ex
1184 2942 1203 3000 l.
1232 2941 1247 2998 I
1277 2944 1307 3000 et
1334 2942 1365 3000 Π

191 3039 408 3112 scripturarum
432 3039 639 3114 discrepantiis
664 3059 698 3098 ex
720 3040 776 3097 hoc
800 3039 863 3099 cod.
887 3059 905 3097 a
928 3038 1072 3099 Schoenio
1096 3040 1224 3099 enotatis
1248 3043 1364 3098 contra·

192 3137 268 3193 rium
288 3142 440 3212 appareat.
479 3138 533 3197 Th.
553 3138 646 3214 igitur
665 3138 696 3194 in
715 3138 770 3196 hac
793 3157 835 3214 re,
858 3142 894 3196 ut
916 3138 1031 3214 tragici,
1056 3138 1254 3212 antiquiorem
1277 3158 1366 3198 usum

192 3237 312 3292 secutus
336 3240 391 3309 est,
415 3257 482 3296 cum
507 3237 610 3295 comici
633 3255 818 3311 communem
844 3253 915 3293 suae
938 3237 1047 3294 aetatis
1072 3235 1187 3294 dicendi
1210 3238 1367 3311 consuetu-

192 3332 289 3389 dinem
317 3337 521 3408 sequerentur.
568 3333 645 3390 Nam
668 3334 700 3390 in
723 3335 820 3392 titulis
844 3333 955 3392 Atticis
980 3334 1077 3409 quinti
1101 3334 1210 3392 saeculi
1234 3334 1365 3409 exceptis

192 3431 300 3490 Ionicis
330 3431 510 3507 quibusdam
539 3430 660 3489 urbium
687 3432 858 3490 nominibus
882 3434 913 3489 et
936 3426 1131 3510 Xspcovq‘occt
1155 3434 1366 3510 Χερσονησῖται

192 3529 377 3590 ΟΙΑ1288
402 3522 444 3612 (a.
464 3529 516 3588 Oh.
536 3521 617 3608 452')
639 3529 750 3605 ubique
771 3545 806 3587 σσ
824 3545 859 3606 ρσ
882 3531 980 3587 exstat
1005 3521 1055 3610 (cf.
1080 3529 1176 3588 Oauer
1198 3550 1228 3604 p.
1248 3532 1309 3590 285
1322 3550 1368 3607 sq.

191 3628 344 3686 Meisterh.
373 3626 393 3703 ξ
418 3630 469 3704 21,
494 3629 521 3685 3.
546 3617 591 3705 4).
641 3626 747 3702 Itaque
775 3629 920 3687 dialectus
949 3626 1143 3702 Thucydides
1170 3631 1304 3703 postulat
1330 3633 1366 3688 ut

192 3725 234 3782 Vl
255 3728 305 3800 55,
330 3729 345 3784 1
372 3724 533 3804 Μνρσίνης
555 3744 609 3801 prc
634 3725 795 3803 Μυρρίνης
818 3726 976 3803 scribatur,
1000 3725 1077 3800 quod
1101 3725 1223 3800 insuper
1246 3725 1363 3785 Aristo·

192 3824 298 3898 phanis
333 3824 464 3902 Βνρσῖνη
498 3816 588 3904 (Equ.
617 3820 697 3903 449)
733 3824 895 3883 confirmat.
946 3821 990 3883 cf.
1023 3821 1133 3882 Herod.
1161 3823 1192 3880 II
1220 3825 1294 3899 484,
1324 3827 1364 3882 22

192 3922 342 4000 Βυρσίνης
364 3921 534 4001 Μυρσίνης.
579 3910 618 3997 ἦν
649 3918 687 3980 δὲ’
709 3917 782 3999 αὕτη
810 3914 887 4000 γυνὴ
904 3913 1024 3980 Ἱιτιτίον
1052 3922 1103 3980 τοῦ
1126 3913 1288 4000 τυράννου.
1333 3918 1366 3980 ἕν
1430 3984 1433 3990 ,

191 4024 251 4091 τοῖς
268 4013 410 4080 Ἱππεῦσι.
457 4019 562 4095 Neque
585 4020 683 4078 minus
708 4039 761 4094 pro
786 4015 896 4097 δέρρεις
918 4018 949 4076 Π
974 4019 1025 4095 75,
1050 4020 1069 4078 5
1099 4016 1211 4098 ὃὲρσεις
1234 4020 1364 4080 scriben-

192 4119 262 4176 dum
298 4138 364 4177 esse
396 4120 547 4193 putamus.
599 4117 642 4179 cf.
675 4122 815 4197 Δερσαῖοι
846 4119 877 4176 ΙΙ
911 4120 984 4191 101,
1015 4120 1043 4178 3.
1094 4116 1130 4176 In
1155 4118 1251 4193 pactis
1284 4137 1303 4176 a
1334 4137 1366 4176 se

193 4216 349 4291 exscriptis
365 4216 419 4275 Th.
438 4239 467 4274 τι
482 4199 650 4275 secundum
669 4237 755 4276 suam
773 4217 890 4276 dicendi
909 4215 1151 4275 consuetudinem
1167 4217 1197 4273 in
1216 4231 1252 4274 σσ
1269 4218 1365 4274 muta-

192 4315 250 4392 vit,
277 4314 335 4372 nisi
363 4315 458 4372 credis
486 4315 518 4373 in
545 4315 715 4374 foederibus
739 4315 1041 4375 Lacedaemoniorum
1069 4332 1136 4371 cum
1166 4313 1365 4389 Tissapherne

193 4414 251 4470 lam
276 4431 312 4471 ex
336 4413 485 4470 communi
507 4413 613 4472 Ionum
637 4416 667 4471 et
689 4414 880 4474 Doriensium
903 4431 961 4470 usu
985 4426 1020 4468 σσ
1044 4412 1240 4471 substitutum
1264 4412 1364 4471 fuisse.

248 4522 344 4572 Srnrrn,
356 4524 448 4570 Quaest.
462 4533 533 4570 gram.
1137 4518 1154 4564 4
