3104 5078
668 340 881 403 ,59-

189 502 384 565 θαλασσίδιου
407 498 464 582 (VI
486 507 536 578 62,
557 495 591 584 3)
615 503 719 564 formis
742 495 950 565 έπιθαλοίσσιοι
973 508 1004 565 et
1025 497 1270 583 παραθαλάσσιον
1293 505 1360 563 sub-

190 603 316 662 stItuere
338 603 413 660 vult.
460 602 537 661 Nam
561 601 665 662 eadem
688 602 819 662 varietas
842 602 873 660 in
897 603 973 662 Plat.
996 604 1088 681 Legg.
1114 603 1212 664 7045
1236 605 1267 661 et
1290 603 1317 663 d.

277 701 386 759 Forma
405 699 503 760 dualis
523 699 616 777 δυεῖν,
638 721 728 777 quam
746 700 861 776 aliquot
878 701 951 761 Iocis
971 701 1041 760 libri
1059 702 1221 762 deteriores
1240 701 1360 773 habent,

188 800 219 857 in
246 799 344 858 titulis
368 798 478 858 Atticis
506 799 544 857 ab
573 801 668 859 altera
695 800 814 858 demum
843 800 953 858 saeculi
979 799 1080 875 quarti
1102 802 1188 874 parte
1210 798 1362 858 invenitur

187 891 240 978 (ct.
264 897 418 958 Meisterh.
437 894 457 972 ἓ
478 901 527 972 38,
552 892 593 977 1).
632 897 711 956 Vera
733 897 830 956 forma
853 895 940 957 δυοῖν
963 917 1058 973 usque
1081 897 1119 955 ad
1142 897 1221 957 idem
1242 899 1361 972 tempus

188 995 300 1070 ubique
323 1014 390 1053 cum
412 993 496 1052 duali
517 993 682 1070 iuvenitur,
710 999 813 1054 contra
837 985 893 1056 δάο
917 996 1068 1055 interdum
1092 996 1183 1055 etiam
1205 1013 1273 1053 cum
1295 995 1361 1070 plu-

188 1092 253 1156 rali.
305 1089 349 1150 cf.
376 1086 491 1151 Weckl.
523 1090 592 1151 Cur.
625 1093 719 1169 epigr.
749 1113 779 1169 p.
809 1097 859 1153 16.
904 1093 1057 1153 Riemann.
1086 1095 1189 1154 Revue
1222 1092 1258 1151 de
1289 1092 1362 1167 phil.

188 1191 231 1248 IX
253 1210 281 1264 p.
307 1191 346 1249 92
360 1207 404 1266 sq.
449 1187 547 1258 Quare
571 1189 645 1248 VIII
670 1193 720 1268 79,
746 1194 762 1248 1
792 1189 880 1251 ναυσί
903 1185 957 1252 δύο
989 1184 1047 1273 (sio
1071 1190 1115 1253 Ol.
1138 1191 1227 1265 Ven,
1255 1190 1363 1266 reliqui

161 1294 163 1298 '
190 1280 291 1369 δυοῖν)
314 1284 364 1347 καί
388 1280 570 1365 ἀγδοήκοντα
594 1287 783 1347 scribendum
807 1292 861 1348 est.
905 1290 941 1347 In
964 1290 1074 1350 Atticis
1097 1290 1196 1349 titulis
1219 1288 1361 1348 tredecim

187 1387 298 1462 ubique
327 1387 374 1445 est
401 1389 476 1462 τρεῖς
502 1382 551 1444 καὶ
580 1381 665 1462 δέκα,
698 1405 757 1444 non
784 1385 968 1464 reconciliem
997 1379 1165 1468 (Meisterh.
1193 1384 1213 1460 ἓ
1238 1388 1289 1462 38,
1320 1377 1362 1465 7).

188 1486 295 1559 Itaque
319 1484 366 1541 III
389 1485 488 1560 69,1.
512 1482 586 1541 VIII
610 1485 650 1550 88
675 1487 749 1561 τρεῖς
772 1481 821 1543 καί
846 1481 916 1544 δέκα
941 1481 977 1562 (ν.
1001 1487 1020 1544 I.
1043 1477 1242 1563 τρισκαίδεκα)
1266 1487 1297 1542 et
1315 1484 1362 1541 III

191 1585 241 1656 79,
262 1583 279 1639 2
303 1585 378 1659 τρεῖς
402 1576 434 1639 δέ
461 1577 511 1639 καὶ
534 1576 605 1640 δέκα
629 1574 717 1661 (τρεῖς
740 1579 790 1641 καὶ
813 1578 884 1642 δέκα
906 1583 975 1642 Vat.
995 1582 1042 1656 H,
1067 1583 1251 1659 reliquorum
1274 1583 1363 1658 longe

188 1678 310 1754 plurimi
332 1677 515 1755 τρισκαίδεκα
539 1673 586 1757 δὲ)
611 1680 840 1755 praeferendum
860 1672 909 1757 (cf.
929 1681 972 1738 VI
994 1683 1044 1754 74,
1064 1674 1098 1757 2)
1123 1684 1154 1740 et
1177 1681 1252 1739 VIII
1272 1683 1322 1753 22,
1344 1685 1359 1739 1

187 1774 260 1855 τρὶσί
275 1773 324 1836 καὶ
339 1772 410 1836 δέκα
426 1769 511 1855 (δέκα
525 1774 575 1836 καί
588 1775 663 1855 τρισί
672 1779 715 1855 a,
733 1778 843 1855 reliqui
856 1770 1055 1859 τρισκαίδεκα)
1070 1779 1293 1838 rescribendum
1308 1781 1363 1838 est.

276 1877 341 1935 Iam
360 1876 398 1934 ad
416 1877 576 1935 verborum
595 1877 706 1936 formae
726 1880 914 1937 transeamus
934 1895 967 1935 ac
986 1876 1117 1951 primum
1140 1877 1260 1951 quidem
1283 1876 1362 1936 dica-

188 1994 254 2033 mus
282 1975 319 2033 de
347 1976 517 2049 augmenta
563 1974 642 2033 Raro
671 1976 814 2034 omissum
843 1978 890 2034 est
911 1975 942 2033 In
966 1973 1267 2048 plusquamperfectis
1290 1992 1362 2050 aug·

188 2074 324 2130 mentum
348 2070 534 2146 syllabicum.
574 2071 621 2128 ΠΙ
645 2075 695 2149 23,
721 2075 737 2130 1
763 2072 825 2131 Pal.
850 2064 1068 2149 ἀνεβεβήκεσαν
1090 2071 1190 2145 habet,
1208 2071 1252 2128 IV
1272 2074 1323 2147 24,
1343 2075 1361 2130 2

188 2165 417 2247 έσεβεβλήκεσαν
443 2169 514 2227 boni
541 2168 625 2244 libri,
652 2170 695 2228 IV
725 2172 775 2244 34,
806 2173 824 2230 3
856 2166 1083 2229 έναπεκέκλαστο
1110 2170 1146 2228 D.
1174 2169 1312 2245 idemque
1335 2170 1363 2226 V

190 2271 240 2344 10,
270 2271 288 2328 8
318 2260 568 2345 προυκεχωρήκει,
599 2267 643 2324 IV
673 2270 723 2344 69,
753 2271 771 2328 3
801 2253 995 2328 ἀπετετέλεστο
1024 2268 1141 2343 optimi,
1175 2267 1235 2325 VII
1263 2270 1313 2342 33,
1344 2270 1361 2326 6

187 2359 371 2426 ὑπελέλειπτο
389 2366 525 2441 plerique
545 2368 576 2424 et
594 2366 654 2424 VII
672 2368 724 2440 44,
744 2370 762 2426 3
783 2367 853 2425 boni
876 2366 947 2425 Iibri
970 2359 1152 2444 ἀνεβεβήκει,
1176 2364 1251 2424 VIII
1272 2367 1322 2442 66,
1344 2368 1361 2424 2

188 2483 289 2524 omnes
308 2467 428 2540 praeter
446 2462 519 2523 Vat-
534 2457 683 2541 ἐτεθνήκει
708 2467 739 2524 et
762 2464 838 2523 VIII
863 2467 914 2540 92,
934 2466 953 2524 3
977 2463 1093 2540 Musqu.
1115 2455 1362 2541 κατεδεδραμήκε-

189 2576 257 2637 σαν,
280 2560 338 2619 VII
363 2564 413 2634 71,
435 2563 452 2620 7
477 2563 578 2620 autem
600 2554 624 2620 τ’
650 2555 855 2622 ἐπεπόνθεσαν
877 2562 1037 2639 legendum
1061 2580 1128 2621 esse
1151 2562 1244 2637 patet.
1281 2561 1362 2618 Reli-

189 2677 247 2733 qua
270 2659 333 2717 fere
357 2661 428 2718 sunt
450 2656 494 2715 IV
520 2662 570 2736 90,
591 2661 609 2717 2
633 2651 859 2734 rovecestriae,
881 2657 910 2716 V
936 2661 986 2736 14,
1011 2661 1029 2718 3
1053 2654 1198 2738 γεγένητο,
1221 2656 1249 2713 V
1272 2659 1322 2732 35,
1342 2659 1368 2717 3'

187 2750 430 2832 ἀποδεδώκεσαν,
458 2756 517 2815 VII
540 2760 570 2834 4,
595 2761 613 2816 2
645 2751 868 2836 ἀναβεβήκεσαν
896 2750 980 2837 (pars
1009 2757 1091 2816 codd.
1116 2747 1362 2835 ἀναβεβήκασιν),

187 2854 263 2913 VIII
289 2857 339 2929 15,
366 2859 381 2913 1
410 2847 679 2933 ἀνακεχωρήκεσαν.
726 2854 862 2931 Apparet
885 2855 916 2914 in
939 2858 1025 2914 tanto
1048 2855 1195 2913 libromm
1218 2873 1363 2914 consensu

189 2957 384 3029 augmentum
403 2953 513 3028 ubique
532 2953 752 3037 restituendum
771 2944 844 3029 esse,
867 2954 1005 3029 idemque
1024 2952 1130 3012 tItulis.
1145 2952 1363 3027 antiquioribus

187 3052 275 3125 plane
310 3052 505 3110 confirmatur
538 3048 588 3131 (cf.
617 3051 769 3111 Meisterh.
802 3050 822 3127 ᾖ
851 3055 902 3128 40,
932 3043 974 3132 1).
1024 3051 1125 3110 Etiam
1158 3050 1189 3108 iu
1221 3043 1363 3127 εἱστήκειν

187 3148 258 3206 libri
278 3149 463 3226 Thucydidei
481 3150 526 3208 ita
548 3150 739 3209 consentiunt
761 3153 796 3208 ut
819 3151 935 3211 duobus
959 3154 1078 3210 tantum
1101 3149 1173 3209 locis
1194 3141 1250 3230 (IV
1271 3151 1322 3222 33,
1344 3152 1359 3207 1

188 3240 416 3323 καθεστήκεσαν,
440 3246 499 3305 VII
522 3250 573 3322 29,
599 3250 616 3307 5
642 3241 830 3328 καθεστήκει)
853 3248 885 3308 in
908 3250 1045 3309 omnibus
1069 3250 1229 3324 augmento
1253 3250 1362 3305 careat.

187 3345 252 3404 Hoc
288 3345 383 3422 igitur
418 3346 530 3421 ubique
561 3347 777 3406 restituendum
811 3349 865 3407 est.
899 3334 966 3408 of.
999 3347 1109 3407 Herod.
1140 3345 1171 3404 II
1204 3347 1277 3421 269,
1313 3346 1362 3403 12.

188 3443 324 3502 Schanzii
351 3443 442 3503 Proll.
470 3442 509 3501 ad
536 3444 612 3503 Plat.
636 3443 696 3502 VII
724 3464 752 3519 p.
776 3445 858 3504 XIII.
901 3446 1058 3521 Nusquam
1086 3447 1193 3508 tamen,
1210 3444 1363 3504 invenitur

186 3540 218 3600 in
248 3541 351 3600 fonnis
383 3543 565 3619 syncopatis.
622 3542 715 3601 Verbi
754 3539 890 3621 ἔρχεσθαι
926 3542 1254 3620 plusquamperfectum
1297 3563 1362 3603 con-

188 3643 304 3699 stanter
330 3641 362 3699 in
391 3640 477 3700 libris
504 3643 665 3719 augmento
694 3644 788 3715 caret,
821 3643 899 3701 idem
931 3642 963 3701 iu
996 3640 1100 3701 eodem
1130 3641 1215 3700 verbi
1242 3633 1363 3700 diluisse

187 3740 322 3813 tempore
345 3738 415 3796 boni
437 3738 507 3797 libri
530 3737 641 3814 ubique
665 3730 831 3819 (ἀπωλώλει
854 3740 898 3798 IV
923 3742 1046 3808 133,1.
1069 3739 1131 3797 VH
1155 3741 1206 3816 27,
1232 3740 1260 3813 5,
1284 3731 1361 3798 ἀποι-

187 3831 348 3894 λωλέκεσαυ
376 3833 452 3893 VIII
481 3837 531 3910 96,
561 3828 595 3915 3)
629 3840 795 3896 servarunt.
845 3837 910 3898 Ηοο
938 3837 1076 3898 convenIt
1104 3837 1142 3896 ad
1169 3841 1360 3913 praeceptum

186 3934 297 3994 Herod.
320 3933 353 3992 ΙΙ
377 3934 450 4009 268,
480 3935 531 3994 20.
554 3932 587 3991 ΙΙ
611 3936 661 4006 21,
686 3936 704 3992 2
737 3929 897 4012 έοροίκεσαν
924 3954 977 4010 pro
1007 3929 1173 4010 ἕαράκεσαν
1201 3935 1361 4012 legendum

187 4051 251 4093 esse
275 4033 438 4093 ostendunt
460 4050 565 4093 versus
589 4032 683 4094 ArIst.
707 4033 785 4093 Nub.
807 4037 879 4095 767.
902 4034 959 4094 Au.
980 4034 1075 4094 1573.
1100 4033 1218 4093 Thesm.
1239 4036 1289 4093 33.
1310 4036 1360 4093 35.

187 4129 266 4190 Plut.
299 4133 349 4192 98.
384 4131 468 4191 1045
503 4130 650 4208 multique
682 4132 713 4190 in
744 4131 853 4208 fragm.
885 4132 1072 4193 comicorum.
1126 4129 1239 4190 Contra
1268 4124 1362 4209 ἕοίρας

187 4227 280 4286 Arae
309 4227 391 4289 Pius.
421 4231 493 4289 rra
541 4229 584 4290 of.
613 4215 727 4290 είαωιε
755 4223 877 4311 (Aeson.
904 4231 962 4310 ag.
987 4224 1043 4310 so)
1073 4233 1104 4288 α
1131 4216 1226 4288 εῖναι
1253 4221 1360 4310 (aest,

187 4325 276 4400 Vesp.
310 4319 397 4406 355).
447 4325 548 4388 Verba
581 4328 619 4386 ab
652 4322 685 4388 εά
716 4328 890 4405 incipientia
921 4321 962 4405 ήά
994 4328 1189 4403 augmentum
1220 4327 1361 4388 habuisse

188 4424 373 4503 antiquiores
405 4424 488 4484 tituli
519 4426 589 4487 inde
616 4426 653 4485 ab
681 4426 806 4488 Euclide
838 4424 980 4485 archonte
1012 4423 1083 4484 facti
1115 4424 1278 4484 ostendunt
1310 4417 1359 4509 (f.
