3104 5078
524 309 847 394 '-13-

156 496 227 569 143,
252 496 270 552 5
302 513 367 552 cum
395 493 426 553 vi
453 493 580 570 perfecti
607 494 645 551 ad
668 495 804 566 futurum
827 495 945 570 tempus
968 497 1110 555 refertur:
1141 497 1212 555 Eur.
1235 498 1325 575 Hipp.

154 595 194 652 47
215 584 233 668 ἡ
254 586 282 649 δ’
304 586 425 669 εὐκλεὴς
444 588 506 669 μέν,
529 583 595 650 ἀλλ’
617 585 696 668 ὅμως
714 584 883 668 ἀπόλλυται,
902 593 953 651 ubi
972 586 1131 654 ἀπόλλυται
1149 614 1325 671 praegresso

152 690 254 749 futuro
275 695 372 749 κτενεῖ
390 690 560 766 respondet,
584 688 676 748 Arist.
700 688 770 748 Pac.
794 691 858 748 250
882 682 922 761 ὡς
944 683 1108 751 ἀπόλλυσαι
1131 710 1198 751 cum
1222 693 1326 750 eodem

152 806 242 847 sensu
264 793 356 865 atque
380 790 443 847 243
469 781 509 860 ὦς
532 780 698 845 ἀπολεῖσθε.
743 785 827 844 Nihil
850 786 944 862 igitur
967 788 1042 846 illud
1065 790 1219 849 indicativi
1242 808 1326 864 prae-

151 887 245 945 sentis
273 886 441 961 exemplum
469 886 551 945 valet
577 885 616 942 ad
644 883 862 943 defendendum
894 885 1008 943 nudum
1035 887 1214 945 infinitivum
1241 906 1326 962 prae-

153 985 247 1044 sentis
267 985 347 1059 apud
366 984 457 1042 Thuc.
476 984 493 1043 I
512 985 621 1060 127,1
646 982 811 1060 νομίζοντες
833 978 1007 1055 ἐκπεσόντος
1030 979 1122 1045 αὐτοῦ
1145 986 1219 1068 ῥᾷον
1242 985 1326 1061 σφίσι

151 1087 316 1160 προχωρεῖν
343 1075 378 1140 τὰ
406 1075 465 1141 ἀπὸ
493 1084 552 1140 τῶν
576 1075 761 1158 Ἀθηναίων,
794 1080 847 1139 ubi
874 1078 947 1162 ῥᾷον
975 1072 1014 1140 ἀν
1042 1082 1230 1141 scribendum
1259 1102 1325 1142 esse

151 1199 243 1256 supra
265 1180 340 1254 dixi3
365 1180 441 1238 nihil
464 1181 556 1239 etiam
579 1181 618 1238 ad
641 1179 786 1238 tuendum
808 1170 941 1247 κολάζειν
963 1177 1011 1235 ΙΙΙ
1035 1181 1086 1256 52,
1110 1182 1128 1237 2
1154 1179 1181 1237 εί
1200 1174 1325 1256 βούλον-

151 1299 198 1336 ται
216 1278 404 1361 παραδοῦναι
422 1271 477 1355 τὴν
495 1272 583 1338 πόλιν
602 1322 609 1335 .
629 1326 635 1338 .
656 1319 674 1352 .,
696 1268 765 1346 τούς
782 1295 811 1333 τε
830 1268 953 1346 ἀδίκους
971 1270 1115 1353 κολάζειν,
1139 1270 1218 1354 παρά
1238 1277 1325 1354 δίκην

151 1372 184 1435 δὲ
207 1371 326 1452 οὐδένα,
352 1376 405 1434 ubi
428 1376 565 1454 Krueger
587 1371 723 1437 κολάσειν
747 1373 858 1448 optimo
882 1373 948 1431 iure
970 1375 1113 1435 restituit.
1160 1375 1201 1433 Et
1223 1377 1249 1434 si
1271 1376 1324 1434 illa

150 1475 267 1533 dicendi
294 1475 409 1535 ratione
437 1476 483 1534 uti
511 1476 654 1534 voluisset
678 1474 768 1532 Thuc.
792 1472 852 1530 VII
876 1474 927 1546 56,
952 1476 971 1531 2
999 1473 1166 1550 νομίζοντες
1192 1516 1199 1531 .
1222 1521 1228 1532 .
1254 1515 1275 1548 .,
1299 1473 1326 1532 εἰ

151 1565 289 1630 δύναιντο
313 1574 453 1649 κρατῆσαι
473 1565 644 1648 Ἀθηναίων
665 1620 671 1633 .
690 1618 697 1631 .
718 1613 735 1647 .,
759 1564 850 1630 καλὸν
870 1570 972 1647 σφίσιν
993 1565 1024 1630 τὸ
1048 1565 1200 1650 ἀγώνισμα
1223 1575 1324 1648 φανεῖ-

150 1673 234 1728 σθαι·
262 1660 332 1740 τούς
359 1691 387 1728 τε
414 1663 470 1749 γάρ
498 1663 605 1741 ἀλλους
626 1659 772 1747 Ἕλληνας
796 1662 889 1739 εὐθὺς
911 1662 980 1740 τοὺς
1005 1665 1058 1745 μὲν
1081 1667 1325 1747 ἕλευθεροῦσθαι,

149 1761 218 1838 τοὺς
246 1761 278 1824 δὲ
306 1760 405 1843 φόβου
434 1758 634 1843 ἀπολύεσθαι,
661 1767 713 1825 ubi
741 1763 795 1845 μὲν
822 1759 861 1826 ἀν
888 1767 1113 1827 rescribendum
1142 1787 1207 1828 esse
1234 1788 1325 1844 supra

149 1865 248 1941 docui,
277 1866 378 1941 potius
410 1858 637 1943 ἠλευθερῶσθαι
669 1868 700 1924 et
731 1857 933 1925 ἀπολελύσθαι
965 1867 1142 1942 scripsisset.
1194 1867 1324 1926 Maxime

149 1968 252 2022 autem
271 1965 369 2022 aliena
388 1965 435 2022 est
453 1983 488 2022 ea
506 1963 715 2039 interpretatio
736 1982 754 2020 a
772 1964 926 2038 praesenti
944 1963 1133 2043 διαφθείρειν
1151 1964 1194 2022 IV
1217 1967 1287 2038 127,
1305 1970 1320 2023 1

69 2141 72 2144 ἢ
149 2061 320 2137 νομίσαντες
343 2055 465 2140 φεύγειν
487 2083 516 2120 τε
539 2055 630 2120 αὐτὸν
653 2057 702 2120 καλ
725 2055 937 2138 καταλαβόντες
961 2062 1164 2140 διαφθείρειν,
1187 2082 1241 2137 pro
1266 2081 1324 2138 quo

149 2160 280 2218 dubitari
302 2177 361 2218 non
385 2163 485 2236 potest
505 2161 576 2236 quin
596 2158 726 2218 Cobetus
746 2162 826 2217 recte
846 2158 1021 2238 διαφθερεῖν
1040 2161 1216 2235 restituerit,
1239 2181 1324 2237 prae-

149 2257 253 2316 sertim
281 2276 349 2315 cum
374 2251 496 2342 φεύγειν
524 2258 636 2317 diversi
664 2258 808 2333 temporis
836 2257 884 2318 sit.
936 2257 1047 2317 Contra
1079 2277 1200 2318 causam
1232 2259 1326 2318 habet

147 2355 245 2414 nudus
273 2355 437 2413 infinitivus
459 2355 632 2431 ,praesentis
656 2354 716 2411 VII
740 2355 769 2429 8,
794 2357 811 2413 1
842 2354 969 2432 νομίζων
997 2353 1030 2414 ἕν
1058 2355 1167 2427 δεινοῖς
1194 2375 1223 2414 τε
1248 2347 1324 2414 εἶναι

147 2451 210 2526 καί,
239 2451 265 2510 εἰ
287 2444 327 2529 μὴ
353 2444 392 2524 dr
414 2446 532 2532 τάχιστα
554 2445 574 2530 ἢ
599 2455 677 2528 σφοῖς
699 2448 941 2529 μεταπέμψονσιν
964 2445 983 2530 ii
1012 2448 1119 2524 ἀλλους
1143 2445 1182 2529 μὴ
1206 2445 1324 2530 ὀλίγους

147 2542 372 2625 ἆποστελοῖισιν,
405 2544 547 2628 οὐδεμίαν
576 2543 652 2610 εἶναι
682 2550 838 2628 σωτηρίαν,
871 2570 939 2609 cum
970 2570 1077 2610 revere.
1108 2550 1139 2607 in
1172 2551 1323 2624 praesenti

146 2648 278 2705 nondum
307 2648 438 2707 habeant
469 2668 527 2724 quo
555 2668 588 2707 se
615 2653 750 2722 servent,
779 2649 831 2708 sed
860 2653 924 2707 tum
953 2648 1073 2706 demum
1097 2648 1231 2707 habituri
1254 2649 1322 2724 sint,

147 2746 172 2804 si
203 2746 307 2804 Niciae
340 2746 463 2805 consilio
491 2747 691 2806 Athenienses
727 2747 1011 2822 obtemperaverint.
1066 2746 1168 2822 Atque
1198 2765 1322 2821 prorsus

147 2845 250 2902 eodem
273 2845 362 2904 modo
386 2845 418 2902 in
440 2844 572 2921 Xenoph.
597 2845 694 2903 Anah.
718 2844 813 2921 V13,
838 2847 878 2902 12
903 2846 1016 2921 legitur
1040 2844 1148 2921 νομίζω
1173 2837 1201 2902 δ’
1222 2841 1323 2924 ἔγωγε,

147 2940 174 2999 εἰ
191 2937 299 3000 ἐκεῖνοι
317 2935 497 3001 ἀπολοῦνται
516 2937 573 3023 (=
593 2942 619 3001 εί
636 2939 743 3002 ἐκεῖνοι
762 2937 802 3020 μὴ
826 2936 1039 3024 σωθήσονται),
1063 2935 1129 3001 οὐδ’
1150 2934 1223 3020 ἡμῖν
1247 2935 1323 3001 εἶναι

99 3094 104 3103 .
147 3032 290 3117 ούδεμίαν
313 3040 468 3118 σωτηρίαν.
506 3041 610 3116 Neque
634 3041 731 3117 magis
755 3042 885 3100 alterum
909 3041 989 3117 quod
1012 3041 1230 3099 Forssmannus
1254 3059 1322 3115 pro·

146 3139 217 3196 tulit
245 3140 413 3214 exemplum
440 3139 455 3196 Ι
485 3143 558 3215 121,
587 3141 607 3197 4
638 3141 689 3222 μιᾷ
717 3159 746 3198 τε
778 3138 847 3220 νίκγ
880 3138 1043 3217 ναυμαχίας
1074 3131 1147 3196 κατὰ
1179 3130 1211 3196 τδ
1244 3130 1322 3207 εἰκὸς

145 3228 312 3296 ἀλίσκονται
339 3237 398 3296 huc
426 3238 564 3312 pertinet.
616 3236 647 3295 Si
675 3237 754 3295 enim
782 3254 859 3311 quae
885 3238 1114 3311 praecesserunt
1144 3226 1322 3314 (ὑπολαβεῖν

146 3325 206 3392 οἷοί
231 3327 255 3391 τ’
285 3329 372 3407 ἐσμὲν
400 3337 498 3417 μισθῷ
526 3335 637 3411 μείζονι
663 3329 734 3405 τοὺς
760 3330 862 3404 ξένους
890 3326 989 3393 αὐτῶν
1018 3326 1176 3409 ναυβάτας.
1222 3323 1320 3407 ὠνητὴ

145 3424 201 3508 γάρ
220 3423 392 3509 Ἀθηναίων
414 3424 436 3508 ἡ
459 3427 584 3510 δύναμις
607 3435 717 3509 μᾶλλον
740 3423 760 3508 ἢ
784 3431 889 3490 οἰκεία·
918 3424 937 3508 ἡ
964 3427 997 3490 δὲ
1019 3424 1143 3509 ἡμετέρα
1166 3417 1259 3507 ἧσσον
1282 3421 1321 3488 ἀν

144 3531 229 3588 τοῦτο
252 3523 349 3589 πάθοι
368 3523 435 3610 ...)
459 3529 704 3605 consideraveris
726 3533 916 3604 praesentem
940 3549 1042 3588 rernm
1061 3532 1174 3588 statum
1193 3526 1321 3586 describi

144 3626 312 3702 intelleges.
363 3628 518 3687 Sententia
545 3628 639 3704 igitur
666 3627 740 3686 haee
768 3631 827 3687 est:
856 3632 991 3703 potestas
1019 3626 1250 3687 Atheniensium
1277 3625 1321 3684 ita

145 3729 317 3800 comparate
345 3728 392 3785 est
419 3730 454 3786 ut
478 3745 539 3785 uns
561 3745 662 3802 pugna
684 3726 785 3785 navali
808 3727 903 3785 deleri
926 3727 1073 3786 videatur.
1117 3725 1196 3783 Huic
1219 3727 1321 3781 tamen

145 3823 280 3898 exemplo
308 3823 367 3881 duo
395 3822 533 3882 addenda
561 3823 632 3882 sunt
659 3841 677 3880 a
703 3822 904 3882 Forssmanno
933 3826 1056 3884 omissa:
1085 3822 1129 3880 IV
1155 3824 1205 3896 95,
1234 3824 1253 3880 2
1281 3813 1321 3898 ἢν

144 3915 321 3999 νικήσωμεν,
346 3913 383 3980 ού
407 3915 447 3999 μή
470 3941 539 3980 ποτε
561 3913 633 3997 ύμῖν
656 3916 894 3999 Πελοποννήσιοι
916 3919 947 3994 ἐς
968 3915 1023 3999 τὴν
1046 3915 1144 4000 χω’ραν
1159 3965 1166 3976 .
1181 3964 1210 3979 ..
1234 3913 1319 3996 ε’σβά-

144 4021 249 4094 λωσιν,
281 4015 314 4077 ἐν
333 4015 379 4078 ’δὲ
411 4022 463 4103 μιᾷ
495 4012 573 4100 μάχῃ
604 4011 694 4095 τήνδε
720 4038 749 4077 τε
777 4022 962 4098 προσκτᾶσθε
988 4016 1037 4078 καλ
1064 4017 1182 4096 ἐκείνην
1209 4021 1320 4095 μάλλον

144 4105 348 4194 ἐλευθεροῦτε,
372 4117 399 4173 V
424 4120 464 4177 98
489 4120 552 4189 πῶς
575 4110 612 4177 οὐ
635 4110 842 4192 corsae-eecce
866 4109 989 4193 αύτούς,
1016 4112 1088 4177 ὅταν
1110 4115 1141 4189 ἐς
1162 4111 1231 4175 τάδε
1254 4112 1319 4193 βλί-

144 4227 255 4290 ψαντες
278 4207 450 4293 ἡγήσωνταί
469 4237 537 4276 ποτε
561 4210 638 4294 ὑμᾶς
661 4211 712 4275 καλ
734 4213 781 4275 ἐπὶ
804 4219 882 4293 σφοῖς
900 4210 995 4294 ἥξειν,
1018 4207 1076 4273 κάν
1093 4207 1185 4293 τούτῳ
1204 4212 1233 4271 τί
1249 4207 1319 4273 ἀλλο

143 4305 163 4388 ἢ
191 4306 259 4384 τοὺς
287 4308 340 4389 μὲν
368 4306 553 4393 ὑπάρχοντας
580 4314 737 4392 πολεμίους
760 4309 947 4392 μεγαλύνετε,
975 4305 1043 4382 τοὺς
1066 4307 1099 4369 δὲ
1122 4306 1196 4387 μηδὲ
1220 4304 1319 4389 μελλή-

148 4428 254 4482 σαντας
277 4406 417 4490 γενέσθαι
439 4406 564 4483 ἀκοντας
587 4405 746 4489 ἕπάγεσθε;
771 4412 885 4482 Quibus
904 4412 959 4469 hoc
978 4427 1133 4468 commune
1152 4411 1199 4466 est
1217 4413 1317 4468 utres
