3104 5078
619 357 837 420 -γρ-

141 524 239 582 dinem
264 522 398 582 revocari
421 524 541 596 queant.
587 521 687 596 Atque
715 522 745 578 in
769 521 904 581 Platonis
927 517 1048 597 quidem
1071 525 1134 583 loco
1157 524 1312 582 fatendum

142 627 188 680 est
211 623 265 679 hoc
288 621 355 679 fieri
376 641 436 681 non
459 640 555 696 posse.
602 621 660 679 Sed
684 621 745 679 sive
770 619 973 695 Thucydidem
998 624 1117 680 secutus
1141 641 1206 681 esse
1229 627 1314 697 puta·

140 722 202 792 tur,
232 738 299 777 cum
327 738 392 778 eam
422 718 478 778 sibi
504 720 679 778 concederet
701 717 866 793 licentiam,
895 719 957 777 sive
980 717 1045 793 ipse
1068 736 1122 777 sua
1146 721 1252 793 sponte
1275 718 1313 776 ad

140 817 264 874 eandem
289 817 447 875 dictionem
472 817 635 893 devenisse,
658 815 821 891 permirum
846 819 938 891 esset,
963 817 988 875 si
1010 816 1042 874 in
1065 818 1111 876 tot
1134 817 1312 892 scriptorum

140 914 341 973 voluminibus
366 933 425 972 unc
448 915 513 973 loce
537 934 603 973 eam
627 914 685 973 sibi
707 913 902 988 permisisset.
939 912 1014 972 Cum
1032 915 1127 991 igitur
1147 915 1196 973 vel
1219 935 1255 973 ea
1277 917 1313 974 de

140 1029 230 1070 causa
254 1015 410 1086 suspectus
434 1012 473 1070 sit
496 1012 578 1070 locus
598 1011 779 1087 Platonicus,
802 1031 838 1068 ex
857 1011 1059 1086 Thucydideis
1079 1029 1169 1067 unum
1193 1029 1313 1086 corrup·
1364 1031 1367 1035 ·

138 1111 204 1166 tum
228 1128 292 1167 esse
317 1109 404 1167 facile
427 1113 560 1184 apparet.
607 1110 685 1167 Nam
709 1107 752 1165 VI
778 1110 805 1182 1,
831 1111 859 1184 2,
883 1110 1001 1169 etiamsi
1029 1109 1184 1167 mittamus
1213 1109 1313 1166 incon-

31 1286 32 1290 ,
140 1205 307 1264 venientem
338 1208 511 1282 articulum,
538 1206 638 1282 ipsum
661 1205 851 1282 participium
875 1208 958 1265 nulle
982 1207 1069 1266 modo
1092 1207 1191 1266 locum
1213 1206 1312 1264 habet.

140 1301 246 1362 Aetive
274 1304 351 1362 enim
381 1305 515 1370 hicnon
543 1305 639 1380 magis
667 1305 726 1363 dici
754 1309 853 1380 potest
879 1298 973 1381 αὐτὴν
996 1303 1102 1383 διεῖργε
1126 1296 1165 1380 μὴ
1188 1297 1312 1380 ἤπειρον

139 1389 233 1459 οὖσαν
256 1421 309 1476 pro
334 1395 374 1478 pq
397 1395 521 1478 ἤπειρον
545 1394 620 1461 εἶναι
643 1421 732 1477 quam
756 1403 800 1460 ΠΙ
828 1407 855 1476 1,
880 1406 896 1461 1
929 1395 1026 1480 εἶργον
1049 1395 1080 1461 τὸ
1104 1395 1143 1479 μὴ
1168 1449 1173 1460 .
1199 1447 1206 1461 .
1230 1448 1236 1460 .
1260 1425 1313 1460 κα-

138 1501 288 1577 κονργοῦν
315 1518 369 1573 pro
397 1493 428 1557 τὸ
456 1493 495 1576 μὴ
525 1547 531 1558 .
555 1546 562 1558 .
587 1545 594 1560 .
622 1503 797 1580 κακουργεῖν
825 1503 879 1559 aut
907 1499 997 1576 Soph.
1026 1500 1074 1559 Ai.
1105 1503 1146 1559 70
1174 1493 1312 1577 ὀμμάτων

139 1589 347 1674 ἆττοστρόφονς
378 1629 414 1636 -
445 1591 539 1677 αὐγὰς
566 1591 692 1674 ἆττείρξω
721 1591 786 1675 σὴν·
801 1592 953 1677 πρόσοψιν
976 1592 1142 1668 εἰσιδούσας
1165 1617 1219 1672 pro
1243 1597 1314 1656 εἰσι-

139 1691 209 1750 δεῖν.
262 1693 340 1751 Nam
373 1694 419 1753 his
452 1696 524 1754 loeis
557 1697 693 1755 omnibus
728 1696 919 1771 participium
952 1697 983 1754 in
1016 1716 1049 1754 re
1078 1715 1154 1771 quae
1188 1717 1247 1756 non
1272 1696 1311 1754 'fit

139 1793 192 1848 aut
215 1792 296 1849 facta
318 1794 365 1849 est
388 1792 440 1850 sed
465 1813 501 1851 ne
524 1793 577 1852 fiat
598 1794 774 1869 prohibetur
792 1812 916 1869 prorsus
935 1797 1040 1852 contra
1059 1794 1238 1852 sententiam
1257 1797 1311 1851 est.

138 1888 221 1946 Idem
249 1889 377 1948 sensisse
405 1891 525 1950 videtur
553 1891 726 1964 Classenus,
759 1891 810 1964 qui
839 1891 1003 1966 genuinum
1031 1883 1106 1949 εἶναι
1136 1910 1313 1966 praegresso

138 1973 213 2045 odon
237 1987 295 2044 sibi
319 1989 414 2047 videri
436 1993 640 2063 permutatum
665 2009 730 2048 esse
753 1990 833 2045 recte
858 1988 940 2049 dixit.
988 1989 1087 2064 Atque
1116 1989 1215 2062 ipsum
1239 1981 1313 2047 εἶναι

138 2084 263 2157 praebet
290 2084 341 2163 H.,
369 2105 445 2160 quae
473 2087 544 2145 licet
571 2090 740 2146 correctura
769 2086 808 2143 sit
841 2077 905 2165 (bio
933 2086 1012 2144 enim
1039 2086 1116 2144 liber
1147 2086 1313 2160 descriptus

138 2182 258 2240 videtur
286 2202 352 2242 esse
380 2203 416 2241 ex
439 2184 523 2261 Vat,
552 2185 603 2259 qui
631 2204 697 2242 cum
726 2183 849 2259 reliquis
874 2172 948 2244 odeo
972 2177 1090 2264 habet),
1119 2201 1190 2242 vera
1213 2188 1313 2242 tamen

139 2282 185 2337 est
208 2283 379 2339 correctura
402 2282 577 2340 confirmata
600 2301 659 2340 non
683 2281 779 2339 solum
809 2300 827 2338 a
850 2282 1001 2341 Demetrio
1030 2283 1066 2341 de
1090 2282 1205 2340 Elocut.
1231 2279 1250 2355 ἐ
1272 2285 1311 2340 72

139 2369 276 2449 ὡσαύτως
299 2375 348 2436 καί
372 2372 403 2437 τὸ
428 2374 467 2457 μὴ
491 2375 612 2457 ι’γίιειρος
638 2372 713 2438 εἶναι
735 2373 766 2438 ιδ
793 2378 1009 2440 Θονκυδίδειον
1038 2381 1220 2457 ipsa‘verba
1243 2383 1312 2439 affe-

86 2525 88 2527 ,
138 2478 235 2552 rente,
268 2476 319 2533 sed
349 2478 440 2534 etiam
470 2476 614 2554 Polyaeni
647 2481 677 2536 et
706 2477 842 2552 Procopii
875 2498 910 2537 ea
942 2479 1125 2537 imitantium
1158 2498 1312 2538 consensu.

139 2572 182 2631 Of.
212 2575 289 2632 enim
318 2575 437 2651 Polyae.
462 2576 493 2633 II
523 2580 551 2652 2,
581 2579 600 2634 4
630 2573 765 2656 ἐλαχίστῳ
795 2573 998 2654 διειργομὲνην
1025 2577 1123 2657 ἰσθμῷ
1151 2571 1190 2652 μὴ
1220 2581 1313 2652 νῆσον

138 2662 213 2728 εἶναι
237 2675 267 2730 et
290 2672 411 2747 Procop.
436 2672 472 2731 de
496 2674 566 2733 bell.
591 2675 671 2732 Pers.
694 2673 710 2730 I
737 2676 775 2732 19
804 2668 932 2757 τοσούτῳ
960 2667 1016 2753 γδιρ
1043 2673 1195 2752 διείργεται
1218 2667 1249 2732 τὸ
1273 2668 1312 2752 μὴ

138 2762 349 2840 ἕτειθοιλοίσσιος
377 2762 467 2845 εἶναι,
496 2771 532 2829 de
560 2771 630 2829 bell.
655 2772 743 2831 Goth.
768 2771 782 2828 Ι
808 2774 823 2828 1
855 2771 942 2831 δυοῖν
970 2772 1101 2831 σταδίοιν
1128 2769 1312 2851 διειργομὲνιγ

137 2863 229 2945 με’τρῳ
257 2859 289 2925 τὸ
317 2861 356 2944 μὴ
385 2863 597 2938 ἑτινθαίοίσσιος
625 2860 715 2943 εἶναι,
743 2869 757 2925 Ι
783 2872 822 2927 26
854 2866 945 2950 μέτρῳ
973 2864 1029 2949 γὰρ
1057 2864 1184 2952 τοσούτῳ
1212 2865 1243 2930 τὸ
1272 2866 1311 2948 μή

138 2961 334 3044 ἕκιδαίασσία
358 2957 434 3024 εἶναι
457 2964 610 3044 διείργεται
628 2958 737 3044 Ῥώμη,
761 2967 797 3024 de
821 2966 919 3026 Aedif.
939 2967 980 3025 IV
1005 2971 1045 3026 10
1068 2967 1167 3050 ἰσθμῷ
1191 2968 1313 3047 διειργο-

138 3059 211 3139 μένη
236 3063 340 3140 βραχεῖ
358 3057 397 3140 μὴ
418 3065 509 3139 νῆσος
528 3057 715 3123 παντάπασιν
734 3056 816 3122 εἶναι.
855 3064 919 3122 Ηοο
938 3065 1033 3141 igitur
1052 3068 1116 3124 loce
1135 3086 1202 3125 cum
1221 3068 1315 3142 parli-

139 3161 247 3235 cipium
267 3162 438 3237 corruptela
456 3164 555 3220 ortum
575 3162 623 3238 sit,
648 3161 723 3219 VllI
745 3164 816 3239 105,
837 3164 855 3219 2
878 3163 1023 3221 librorum
1043 3165 1187 3222 memoria
1206 3166 1313 3224 discre—
1390 3179 1392 3183 '

138 3261 198 3332 pat.
250 3258 327 3315 Nam
360 3260 449 3317 multi
482 3259 565 3332 libri,
598 3260 677 3317 inter
708 3278 783 3334 quos
816 3259 905 3319 Leur.
938 3263 969 3319 et
998 3262 1075 3339 Pal,
1109 3255 1227 3320 διώκειν
1259 3282 1312 3336 pro

141 3351 296 3429 διώκοντες
328 3359 453 3434 habent,
488 3360 518 3416 et
550 3357 764 3433 vituperandus
798 3362 844 3416 est
875 3358 1036 3418 Classenus
1067 3360 1146 3436 quod
1175 3359 1313 3418 Vaticani

139 3456 317 3515 auctoritate
345 3456 469 3514 nimium
498 3455 642 3531 confisus,
675 3456 700 3514 si
729 3456 886 3531 quicquam
915 3458 1092 3516 mutandum
1120 3457 1173 3535 sit,
1205 3451 1254 3517 διὰ
1281 3453 1313 3517 τὸ

138 3557 278 3632 κρατῆσαι
307 3554 436 3614 scribere
466 3556 582 3613 mavult
610 3573 699 3630 quam
726 3555 853 3613 alteram
881 3556 1013 3614 codicum
1037 3555 1217 3631 scripturam
1240 3559 1312 3616 reci·

138 3672 222 3727 pere,
255 3671 331 3728 quae
364 3653 452 3727 plane
485 3654 610 3712 eandem
644 3652 823 3712 sententiam
856 3655 990 3729 praebet.
1046 3655 1125 3712 Nam
1157 3645 1314 3726 διώκοντες

139 3753 222 3825 patet
247 3770 282 3808 ex
300 3770 477 3826 praegresso
497 3744 690 3829 κρατήσαντες
709 3754 809 3811 ortum
828 3771 893 3812 esse
914 3753 1053 3812 similiter
1071 3756 1161 3828 atque
1181 3754 1224 3811 VI
1246 3759 1272 3831 l,
1293 3757 1310 3812 2

139 3837 213 3906 οὖσα
237 3868 273 3906 ex
297 3850 449 3923 superiore
472 3836 560 3922 οὖσα,
589 3852 619 3906 et
648 3850 713 3924 pari
741 3850 815 3909 uitio
844 3850 874 3908 in
898 3851 966 3909 Vat.
990 3850 1034 3908 IV
1058 3854 1108 3923 35,
1134 3854 1150 3909 1
1177 3841 1314 3930 ἆναστρὲ·

139 3969 245 4022 φοντες
263 3968 317 4022 pro
338 3941 576 4023 ἀναστρέφεσθαι
596 3952 627 4004 et
644 3947 659 4004 Ι
682 3950 752 4023 141,
772 3951 792 4005 4
812 3949 843 4004 in
864 3949 1001 4006 omnibus
1026 3948 1111 4008 libn's
1134 3952 1313 4026 πληροῦντες

138 4065 192 4120 pro
220 4049 353 4122 πληροῦν
383 4046 527 4120 seriptum
557 4051 615 4118 est,
645 4045 723 4120 quod
751 4045 919 4104 certissima
946 4047 1152 4105 emendatione
1180 4046 1314 4105 restituit

139 4144 368 4203 Herwerdenus.
422 4143 532 4218 Utique
566 4144 612 4202 hic
647 4144 729 4200 locus
767 4142 805 4200 ad
842 4145 999 4204 tuendam,
1020 4147 1193 4204 abnormem
1229 4144 1312 4200 illam

139 4247 321 4300 structuram
341 4242 442 4300 afferri
465 4243 578 4317 nequit.
611 4241 695 4309 Quod
715 4240 751 4298 ad
770 4241 902 4316 reliquos
921 4244 1000 4301 locos
1020 4243 1138 4317 attinet,
1156 4241 1192 4298 de
1211 4240 1225 4297 I
1244 4244 1273 4314 2,
1293 4244 1311 4300 5

139 4338 299 4397 Classeuus
329 4343 359 4396 et
383 4335 643 4398 Reifferscheidius
671 4357 799 4396 mecum
816 4339 1005 4397 consentiunt
1035 4335 1066 4395 ἐκ
1091 4340 1143 4397 τοῦ
1167 4335 1213 4396 se
1237 4342 1312 4397 ιτλεῖ-

139 4452 206 4496 στον
231 4437 411 4511 iungendum
438 4456 511 4513 esse,
537 4440 567 4495 et
586 4437 612 4492 V
635 4440 662 4512 7,
683 4439 701 4493 2
722 4435 982 4495 Reifferscheidius
1006 4437 1211 4510 comprobavit
1234 4437 1311 4511 quod
