3104 5078
690 369 884 435 „5-

197 540 297 615 ψυχῆς
316 531 521 615 ἀποστερῆσαι,
542 537 640 610 1181,
662 538 680 594 5
699 528 889 614 ἡγησάμενοι,
909 533 1125 612 μεμονωμένων
1142 536 1169 597 εί
1185 533 1370 615 κρατήσειαν,

198 629 252 695 οὐκ
275 627 315 694 ἀν
337 632 378 694 ἔτι
400 636 484 712 σφίσι
508 629 577 706 τοὺς
590 629 738 711 Ἕλληνας
761 627 869 710 ὁμοίως
887 638 1071 712 προσελθεῖν,
1095 635 1141 693 III
1161 638 1212 706 30,
1232 639 1250 695 3
1271 636 1298 695 εἰ
1315 625 1370 695 οὖν

196 729 410 811 προσπέσοιμεν
433 728 521 809 ἀφνω
545 754 573 792 τε
596 729 643 791 καί
667 725 784 809 νυκτός,
815 729 919 802 ἐλπίζω
943 725 1093 809 μετὰτῶν
1116 731 1205 793 ένδον
1229 781 1234 793 ,
1255 781 1261 791 .
1285 756 1374 792 κατα,

196 833 353 908 ληφθῆναι
375 822 415 889 ἀν
437 824 471 889 τά
495 820 663 909 πράγματα,
691 829 735 887 IV
760 832 809 902 31,
836 834 854 888 2
883 822 900 891 ὃ
928 824 1065 907 ἐνόμιζον
1092 830 1193 907 σφίσιν
1221 824 1369 908 ὠφέλιμον

195 921 234 988 ἀν
257 921 347 1003 εἶναι,
376 928 403 988 εί
429 920 647 1006 καταλαμβάνοι
673 921 858 1006 ἀναχώρησις
881 925 1043 1006 βιαιοτέρα,
1072 931 1121 1001 69,
1150 932 1164 986 1
1194 928 1369 1005 νομίζοντες,

196 1027 222 1086 εί
239 1023 310 1105 πρὶν
329 1024 531 1105 ἕπιβοηθῆσαί
546 1048 628 1098 τινας
646 1023 780 1100 ἐξέλοιεν,
803 1028 919 1086 θᾶσσον
942 1018 981 1084 ἀν
1003 1023 1053 1084 καὶ
1075 1020 1109 1084 τά
1129 1023 1256 1104 Μέγαρα
1277 1043 1369 1103 προσ-

197 1127 336 1202 χωρῆσαι,
361 1126 387 1181 V
407 1127 436 1198 8,
456 1127 474 1183 3
500 1123 527 1183 εί
545 1117 603 1202 γὰρ
628 1122 729 1195 δείξειε
752 1128 812 1194 τοῖς
834 1121 977 1196 ἐναντίοις
999 1118 1032 1183 τό
1054 1146 1083 1183 τε
1105 1126 1221 1201 πλῆθος
1243 1121 1294 1182 καὶ
1315 1117 1369 1200 τὴν

195 1216 311 1281 ὅπλισιν
339 1215 503 1301 ἀναγκαίαν
531 1210 625 1281 οὖσαν
652 1223 711 1280 τῶν
739 1216 806 1299 μεθ’
833 1218 953 1297 ἑαυτοῦ,
986 1216 1041 1281 οὐκ
1069 1215 1107 1281 ἀν
1134 1216 1231 1301 ἡγεῖτο
1259 1226 1368 1301 μάλλον

193 1317 412 1399 περιγενέσθαι,
441 1323 470 1395 8,
494 1324 514 1379 4
539 1313 594 1380 οὐκ
617 1312 656 1378 ἀν
678 1320 806 1397 νομίζων
829 1314 938 1392 αὐτοὺς
962 1314 1070 1398 ὁμοίως
1093 1315 1256 1400 ἀπολαβεῖν
1278 1309 1368 1393 αὖθις

195 1416 436 1496 μεμονωμένους,
459 1418 486 1479 εί
507 1412 588 1497 τύχοι
612 1416 742 1478 έλθοῦσα
765 1411 866 1489 αὐτοῖς
887 1411 907 1494 ἡ
931 1412 1072 1495 βοήθεια,
1097 1422 1148 1493 32,
1172 1422 1191 1479 3
1216 1419 1242 1479 εί
1265 1420 1367 1496 σφίσιν

194 1513 393 1594 προσγένοιτο,
412 1516 579 1594 νομίζοντες
598 1509 717 1573 ἀπασαν
731 1508 859 1593 ἀνέχειν
873 1509 1114 1593 Πελοπόννησον,
1134 1520 1185 1591 37,
1202 1521 1220 1575 2
1240 1517 1368 1595 νομίζειν

195 1606 250 1691 γάρ
274 1605 312 1671 ἀν
334 1609 440 1676 τούτου
462 1607 707 1693 προχωρήσαντος
730 1612 840 1694 ῥηιδίως
862 1609 921 1693 ἤδη
945 1610 994 1673 καὶ
1016 1616 1155 1690 πολεμεῖν
1176 1611 1227 1673 καὶ
1250 1612 1368 1675 σπένδε-

193 1716 266 1769 σθαι
293 1709 343 1771 καῖ
370 1706 444 1790 πρὸς
467 1709 740 1787 Λακεδαιμονίους,
768 1711 793 1770 εί
815 1706 985 1790 βούλοιντο,
1010 1759 1043 1770 ..
1070 1708 1121 1770 καὶ
1150 1710 1180 1770 εἴ
1202 1734 1267 1770 τινα
1293 1707 1367 1791 πρὸς
1462 1788 1463 1791 ¹

192 1803 282 1869 ἀλλον
311 1805 386 1885 δέοι,
415 1813 466 1884 39,
491 1813 509 1868 2
539 1807 700 1889 ἐλπίζοντες
729 1808 760 1868 οί
780 1805 1022 1888 Λακεδαιμόνιοι,
1045 1808 1072 1869 εί
1094 1802 1255 1868 Πάνακτον
1273 1804 1365 1889 Ἀθη-

193 1912 272 1966 ναῖοι
285 1902 365 1986 παρὰ
380 1908 525 1969 Βοιωτῶν
538 1900 728 1987 ἀπολάβοιεν,
746 1908 927 1986 κομίσασθαι
945 1901 984 1967 ἀν
998 1901 1079 1967 αὐτοὶ
1096 1901 1209 1982 Πύλον,
1228 1908 1271 1965 Vl
1290 1912 1326 1967 11
1346 1914 1364 1968 2

193 2002 366 2065 Σικελιῶται
393 2001 421 2064 δ’
451 2001 490 2065 ἀν
522 2029 571 2085 μοι
604 2007 745 2066 δοκοῦσιν
773 2051 780 2065 .
803 2053 810 2066 .
841 2004 890 2066 καὶ
917 2005 958 2066 έτι
987 1998 1026 2065 ἀν
1053 1994 1147 2083 ἧσσον
1175 2004 1266 2066 δεινοὶ
1293 2001 1366 2085 ἡμῖν

192 2099 346 2181 γενέσθαι,
369 2102 395 2162 ει’
416 2096 535 2181 ἀρξειαν
558 2097 657 2162 αὐτῶν
680 2097 874 2181 Συρακόσιοι,
900 2107 950 2180 28,
974 2108 992 2163 2
1017 2102 1202 2181 νομίσαντες,
1226 2103 1253 2163 εί
1274 2098 1365 2164 αὐτὸν

192 2194 366 2277 έξελάσειαν,
390 2202 499 2279 πρῶτοι
521 2193 560 2260 ἀν
584 2193 668 2277 εἶναι,
694 2204 744 2276 37,
769 2205 787 2259 2
813 2196 894 2279 μόλις
916 2196 955 2261 ἀν
979 2225 1028 2279 μοι
1051 2201 1205 2277 δοκοῦσιν,
1230 2201 1256 2262 εί
1277 2196 1365 2262 πόλιν

190 2295 290 2378 ἑτέραν
315 2294 461 2378 τοσαύτην
488 2294 555 2361 ἀσαι
577 2295 772 2379 Σοράκουσαί
797 2298 871 2358 εἰσιν
898 2297 1016 2359 έλθοιεν
1042 2297 1155 2377 ἔχοντες
1182 2296 1232 2358 καὶ
1254 2294 1365 2379 ὅμορον

190 2391 359 2474 οἰκήσαντες
386 2391 437 2457 τὸν
465 2389 595 2475 πόλεμον
623 2404 770 2473 ποιοῖντο,
800 2391 855 2458 οὐκ
883 2390 923 2456 ἀν
949 2391 1118 2456 παντάπασι
1146 2396 1364 2476 διαφθαρῆναι,

191 2496 340 2572 V116,4
364 2492 495 2566 ἐκείνους
517 2516 546 2554 τε
569 2492 619 2554 καὶ
641 2489 809 2555 παντάπασι
832 2489 1058 2573 ἀπεστερηκέναι
1081 2488 1114 2577 (i.
1138 2516 1162 2555 ο.
1187 2515 1270 2570 spem
1294 2497 1362 2555 ade-

190 2585 342 2674 misse¹)),
370 2592 397 2652 εί
417 2590 467 2651 καὶ
490 2597 638 2670 κρατοῖεν,
665 2586 704 2671 μὴ
727 2585 766 2652 ἀν
788 2591 829 2652 ἔτι
851 2596 929 2670 σφᾶς
952 2589 1145 2671 ἀποτειχίσαι,
1169 2593 1243 2652 VIII
1267 2597 1318 2669 47,
1346 2599 1360 2653 1

188 2695 286 2750 πεῖσαι
305 2685 333 2748 δ’
350 2683 388 2749 ἀν
407 2681 520 2768 ε’νόμιζε
538 2684 660 2767 μάλιστα
678 2688 710 2750 ἐκ
727 2691 779 2751 τοῦ
797 2684 943 2766 τοιοάτου,
963 2690 990 2750 εί
1005 2687 1208 2769 Τισσαφέρνης
1225 2691 1360 2768 φαίνοιτο

189 2781 268 2869 αὐτῷ
287 2782 449 2866 ἐπιτήδειος
468 2781 519 2847 ἀν.
554 2787 639 2846 Idem
657 2789 688 2846 in
706 2788 873 2864 participiis
892 2790 993 2848 valore
1011 2791 1138 2864 apparet
1157 2807 1192 2847 ex
1211 2789 1321 2866 V164,
1344 2795 1359 2849 1

190 2879 297 2957 εἰδότες
321 2879 376 2946 οὐκ
399 2877 438 2945 ἀν
462 2880 570 2962 ὁμοίως
589 2882 779 2965 δυνηθέντες,
802 2887 828 2948 εί
846 2885 878 2946 έκ
896 2889 955 2946 τῶν
973 2888 1050 2946 νεῶν
1072 2879 1146 2964 πρὸς
1165 2904 1361 2964 παρεσκευασ-

189 2983 296 3064 μένους
323 2977 519 3063 έκβιβάζοιεν,
554 2983 613 3040 VII
637 2986 694 3062 42,
721 2988 741 3043 4
770 2979 848 3063 ὁρῶν
872 3032 878 3043 .
898 3027 922 3060 .,
950 2983 977 3043 ει’
1002 2977 1152 3061 κρατήσειέ
1179 3006 1221 3056 τις
1248 2987 1306 3044 τοῖν
1332 3007 1362 3045 τε

186 3077 355 3143 Ἐπιπολῶν
385 3084 437 3159 τῆς
464 3075 637 3160 ἀναβάσεως
669 3080 718 3141 καὶ
750 3073 840 3155 αὖθις
873 3086 926 3143 τοῦ
958 3080 990 3142 έν
1023 3075 1124 3154 αὐταῖς
1156 3080 1362 3161 στρατοπέδου,

188 3181 297 3263 ῥηιδίως
316 3172 354 3240 ἀν
373 3173 444 3239 αὐτὸ
468 3177 594 3256 ληφθέν.
633 3181 793 3240 Praeterea
815 3183 846 3240 in
869 3181 1018 3241 sonionbia
1041 3179 1204 3240 condicioni
1226 3182 1362 3242 subiecta

188 3285 256 3356 post
276 3279 302 3340 εί
315 3300 383 3340 oum
397 3279 532 3355 optativo
546 3280 644 3338 nudus
658 3280 753 3339 futuri
768 3279 932 3338 infinitivus
951 3280 1005 3336 aui
1023 3277 1212 3352 pariioipium
1232 3280 1359 3352 ponitur.

189 3379 233 3438 cf.
253 3380 282 3438 Π
303 3383 332 3454 τ,
352 3381 380 3438 3.
408 3378 455 3436 ΠΙ
475 3380 526 3455 62,
545 3381 574 3436 4.
603 3378 630 3434 v
652 3380 701 3451 14,
722 3381 750 3439 3.
775 3381 826 3453 40,
847 3380 874 3437 τ.
902 3377 945 3434 vi
965 3378 1015 3452 33,
1036 3378 1065 3433 2.
1089 3377 1139 3449 56,
1161 3377 1188 3434 3.
1213 3375 1272 3433 vn
1290 3379 1310 3434 4
1331 3381 1359 3438 4.

188 3477 248 3537 Ubi
271 3479 372 3536 auiam
395 3478 516 3551 praeber
537 3476 674 3534 futurum
697 3479 816 3553 tompus
839 3469 878 3534 ἀν
901 3475 999 3550 abest,
1025 3473 1205 3533 sententiam
1232 3493 1291 3534 non
1316 3476 1360 3535 ita

189 3577 227 3633 ad
250 3575 451 3634 condicionem
474 3574 580 3633 referri
603 3577 729 3650 apparet
751 3579 867 3634 utnon
890 3573 990 3633 valeat
1012 3573 1069 3631 nisi
1093 3591 1128 3631 ea
1150 3573 1282 3647 implebo.
1324 3574 1360 3632 In

187 3673 302 3732 duobus
330 3674 409 3731 onim
437 3692 513 3749 quae
537 3676 657 3732 exstant
679 3674 767 3733 huius
791 3674 909 3751 geneiio
933 3670 1074 3746 exemplis
1098 3671 1277 3730 dubitationi
1300 3691 1359 3730 non

186 3771 334 3831 obnoxiis:
357 3771 401 3828 IV
427 3774 477 3844 11,
506 3774 526 3829 4
553 3775 735 3852 τριηραρχῶν
764 3765 820 3853 γάρ
847 3767 897 3830 καὶ
925 3763 1003 3847 δρῶν
1025 3770 1077 3828 τοῦ
1100 3767 1208 3846 χωρίου
1231 3772 1358 3846 χαλεποῦ

186 3867 270 3943 ὄντος
296 3862 365 3940 τοὺς
391 3864 585 3949 τριηράρχους
612 3868 662 3929 καὶ
689 3863 884 3950 κυβερνήτας,
912 3866 942 3926 εἴ
959 3887 1001 3947 πη
1024 3863 1074 3925 καὶ
1102 3865 1204 3944 δοκοίη
1229 3861 1373 3927 δυνατὸν-

186 3961 262 4028 εἶναι
285 3971 373 4047 σχεῖν,
396 3960 600 4039 ἀποκνοῦντας
623 3966 672 4027 καὶ
695 3963 938 4045 φυλασσομένους
960 3966 1019 4023 τῶν
1040 3966 1115 4023 νεοῖν
1134 3957 1173 4041 μὴ
1194 3964 1356 4043 ξυντρίψω·

118 4134 121 4139 ,
185 4084 232 4126 σιν
251 4070 283 4125 ei
299 4066 359 4124 VII
380 4069 409 4140 6,
431 4069 446 4124 1
467 4065 642 4143 νομίζοντες,
665 4064 715 4125 καὶ
738 4065 765 4125 εί
785 4055 892 4126 ἐκεῖνοι
914 4057 954 4142 μὴ
978 4058 1109 4122 ἐθέλοιεν
1132 4056 1225 4141 μάχης
1248 4057 1357 4139 ἀρχειν,

185 4159 349 4244 ἀναγκαῖον
367 4164 469 4240 σφίσιν
488 4157 562 4223 εἶναι
581 4158 620 4242 μὴ
640 4166 781 4243 περιορᾶν
803 4154 1116 4242 παροικοδομούμενον
1138 4154 1170 4220 τὸ
1194 4164 1285 4238 τεῖχος
1308 4162 1356 4220 vel

190 4315 368 4322 -—--——--
382 4316 397 4321 ..-

258 4392 283 4458 1)
302 4388 407 4443 Similis
426 4389 566 4458 emphasis
585 4390 714 4458 exempla
731 4389 864 4458 leguntur
882 4388 920 4441 111
940 4392 983 4454 83,
1002 4393 1026 4439 4.
1049 4384 1132 4452 V40,
1148 4391 1171 4441 3.
1193 4385 1353 4453 V11150‚4.

184 4470 256 4525 plat.
276 4470 380 4524 Phaod.
400 4469 469 4523 iob.
