3104 5078
678 319 894 382 ..23-

198 487 289 544 tertio
316 483 375 543 VII
406 486 457 559 67,
485 486 505 542 4
535 475 574 555 uir
601 486 660 544 τῶν
687 504 719 562 γε
746 478 901 561 παρόντων
928 477 984 544 οὐκ
1012 477 1051 544 διν
1083 480 1242 564 πράξοντες
1273 492 1370 566 γεῑρον

198 583 270 642 boni
292 583 362 640 libri
386 582 531 642 aoristum
554 582 724 658 praebeant.
762 582 924 641 Herbstius
948 582 994 642 his
1013 582 1085 641 locis
1104 583 1309 661 Thucydidem
1334 586 1369 644 de

197 684 280 740 statu
307 680 436 756 quodam
463 681 512 740 vel
539 681 654 740 actione
680 681 868 756 permanenti
893 681 1040 756 cogitasse
1063 680 1166 741 voluit.
1213 681 1272 740 Sed
1294 683 1370 741 nihil

195 780 321 857 impedIt
343 780 416 857 quin
444 779 611 853 71167,4
634 783 802 839 vertamus:
826 772 918 854 ‘quod
940 779 1036 838 maior
1059 798 1148 856 quam
1168 779 1200 837 in
1217 783 1369 855 praesenti

195 879 351 938 calamitas
375 878 412 936 iis
437 877 569 936 accidere
596 896 656 936 non
683 871 805 955 posset',
834 877 862 934 V
887 879 937 951 15,
962 880 994 935 2:
1023 872 1154 954 ‘cognito
1182 879 1243 936 iam
1270 879 1368 955 magis

195 995 245 1041 eos
273 975 443 1052 propositas
472 974 658 1036 condiciones
688 979 862 1052 accepturos
890 969 968 1034 esse'
996 967 1180 1056 (cf.He1·0d.
1204 975 1251 1034 III
1280 972 1368 1056 128),

195 1073 239 1132 VI
264 1077 315 1148 20,
340 1078 372 1134 2:
402 1067 464 1133 ‘eos
491 1092 546 1149 pro
573 1073 716 1133 libertate
743 1077 879 1134 nostrum
906 1073 1066 1149 imperium
1092 1063 1287 1149 probabiIIter
1309 1095 1367 1135 non

195 1173 347 1232 subituros
367 1164 452 1232 esse'.
489 1171 530 1230 Et
549 1172 619 1247 quid
639 1171 767 1232 eflicitur
784 1173 839 1232 illa
857 1171 1062 1248 explicatione,
1080 1190 1148 1230 cum
1166 1191 1204 1231 ne
1223 1174 1367 1248 scriptum

194 1271 314 1348 quidem
342 1271 387 1329 ita
414 1288 480 1329 esse
508 1269 582 1329 satis
611 1270 747 1330 constet?
794 1271 882 1330 Patet
910 1287 999 1345 quam
1024 1268 1137 1327 nullius
1160 1271 1305 1329 momenti
1329 1273 1368 1330 sit

195 1389 303 1445 anceps
317 1369 493 1444 plerumque
508 1368 655 1428 librorum
674 1371 825 1446 scriptura
844 1370 875 1426 et
892 1369 1015 1442 propter
1033 1366 1215 1442 paucitatem
1234 1370 1366 1428 locorum

194 1485 389 1542 errorumque
399 1466 575 1525 facilitatem
584 1486 707 1542 prorsus
722 1468 821 1526 dubia.
840 1466 990 1523 Numerus
1006 1464 1085 1522 enim
1098 1465 1226 1525 maxime
1241 1466 1366 1541 exiguus

195 1568 242 1625 est
255 1584 308 1640 pro
327 1564 520 1623 multitudine
541 1583 645 1623 eorum
659 1567 791 1626 locorum
810 1564 861 1641 qui
876 1563 955 1638 apud
966 1563 1104 1621 futurum
1118 1556 1156 1622 άν
1174 1582 1234 1623 666
1247 1565 1367 1644 habent,

192 1681 288 1738 neque
319 1662 470 1722 invenitur
502 1662 554 1720 ubi
585 1657 625 1721 άν
656 1664 791 1723 additum
824 1663 865 1722 sit
896 1661 954 1720 nisi
985 1661 1089 1721 formis
1121 1663 1160 1720 ad
1191 1663 1367 1722 mutandum

192 1759 356 1833 facillimis,
387 1777 556 1836 quanquam
584 1761 661 1820 alius
690 1781 805 1839 quoque
834 1760 953 1836 generis
983 1759 1056 1817 satis
1084 1759 1197 1818 multae
1225 1761 1367 1836 leguntur

192 1857 220 1934 (Ι
243 1860 295 1935 33,
319 1861 348 1917 3.
377 1860 428 1934 39,
449 1860 477 1917 2.
506 1861 556 1932 44,
578 1862 605 1918 2.
636 1862 686 1934 70,
707 1864 734 1921 3.
763 1860 864 1937 1113,
886 1862 912 1918 1.
942 1859 993 1934 20,
1012 1860 1041 1914 4.
1071 1859 1121 1931 40,
1141 1859 1170 1916 4.
1199 1858 1245 1915 ΙΙΙ
1266 1862 1316 1936 13,
1336 1861 1365 1920 5.

193 1959 243 2028 39,
269 1958 298 2015 3.
329 1957 380 2028 46,
406 1958 433 2014 2.
466 1958 726 2031 67,1.,115,4.
759 1958 803 2017 IV
827 1959 878 2031 55,
902 1957 930 2014 4.
966 1957 1016 2030 63,
1041 1958 1068 2014 2.
1101 1956 1152 2028 67,
1177 1959 1204 2013 3.
1239 1959 1312 2035 114,
1337 1961 1364 2016 3.

191 2055 218 2111 V
244 2055 295 2130 50,
319 2056 348 2114 4.
382 2055 455 2131 105,
486 2056 512 2112 1.
550 2054 593 2112 VI
617 2058 668 2132 92,
694 2061 721 2115 1.
756 2060 828 2133 102,
853 2059 881 2115 2.
918 2054 1106 2129 111177,7.
1145 2053 1220 2111 VIII
1244 2056 1296 2129 54,
1321 2047 1365 2135 2).

190 2153 258 2212 Non
285 2152 381 2227 magis
409 2155 510 2211 autem
538 2172 628 2228 quam
656 2154 735 2230 apud
760 2152 964 2229 Thucydidem
990 2154 1069 2227 apud
1093 2153 1223 2229 reliquos
1247 2152 1364 2214 Atticos

108 2237 110 2240 Α
190 2251 352 2326 scriptores
371 2244 410 2308 άν
428 2250 508 2326 apud
527 2252 666 2310 futurum
684 2251 873 2312 tolerandum
892 2253 946 2324 est,
966 2268 1032 2309 cum
1051 2252 1254 2311 consentiente
1273 2251 1363 2310 libro-

190 2369 256 2407 rum
285 2349 429 2408 memoria
455 2350 644 2424 paucissimis
672 2370 726 2427 pro
754 2348 937 2424 reliquorum
966 2367 1090 2408 numero
1118 2350 1190 2409 locis
1219 2349 1364 2410 traditum

191 2447 231 2506 sit
254 2450 284 2507 et
307 2448 358 2523 qui
381 2447 462 2505 facili
485 2449 651 2508 mutatione
675 2450 784 2525 corrigi
807 2449 926 2524 queant.
935 2440 959 2526 ¹)
1005 2446 1111 2523 Itaque
1134 2448 1173 2507 ad
1193 2448 1364 2509 Atticorum

192 2586 404 2595 ——.-..—...—

262 2656 288 2720 1)
317 2653 394 2717 Quae
420 2653 612 2709 consentiente
637 2655 772 2709 librorum
800 2653 969 2708 auctoritate
1002 2652 1077 2722 apud
1104 2653 1226 2721 reliquos
1252 2652 1363 2707 Atticos

189 2731 338 2803 scriptores
357 2732 463 2788 tradita
483 2735 548 2786 sunt
566 2733 654 2787 futuri
672 2752 735 2788 cum
754 2729 791 2788 άν
810 2733 940 2802 exempla
953 2733 1024 2786 haec
1039 2735 1116 2787 sunt:
1136 2731 1284 2787 Indicativi
1297 2733 1361 2785 Eur.

189 2813 248 2882 lph.
269 2813 300 2867 T.
320 2818 372 2868 895
391 2815 432 2875 τίς
450 2806 487 2866 dv
506 2804 558 2867 οὖν
578 2809 644 2867 τάδ’
664 2810 702 2866 δῖα
722 2855 728 2866 .
749 2857 754 2868 .
775 2856 781 2868 .
801 2819 894 2882 φανεῖ
908 2815 1050 2882 (corrupta
1069 2814 1133 2867 sunt
1154 2812 1245 2882 prima
1263 2813 1363 2879 rerba3

188 2895 229 2955 τίς
252 2889 300 2962 ἄρ’
326 2884 390 2964 οὖν,
418 2890 506 2948 τάλαν
529 2893 663 2962 Nauck),
691 2894 734 2949 El.
758 2899 810 2948 484
841 2892 1003 2963 πέμψουσιν
1032 2889 1186 2946 θανάτοισι
1213 2886 1268 2946 κάν
1293 2936 1298 2947 .
1319 2933 1330 2953 ,.
1356 2935 1361 2945 .

189 2968 298 3042 ὄψομαι
318 2971 479 3043 (θανάτοις·
499 2967 517 3043 ή
536 2971 593 3043 μόιν
612 2973 742 3042 Nauck),
762 2976 835 3030 Plat.
855 2975 889 3028 dc
904 2973 972 3043 step.
994 2974 1075 3027 615d
1095 2969 1145 3042 οὐχ
1164 2967 1241 3040 ήκει,
1261 2967 1362 3040 φάναι,

189 3049 253 3108 οὐδ’
278 3047 315 3107 dv
338 3047 400 3122 ἥξει
424 3049 498 3124 (οὐδ’
524 3045 561 3109 αό
584 3050 646 3122 ήξει
669 3055 761 3110 Madv.
784 3054 854 3110 Adv.
879 3053 939 3108 crIt.
959 3053 972 3105 1
995 3072 1020 3123 p.
1040 3055 1118 3121 435),
1142 3053 1263 3121 Euthyd.
1284 3058 1362 3108 2746

189 3129 312 3189 κάλλιστ’
333 3129 370 3189 διν
392 3134 565 3204 προτρέψετε
586 3135 784 3206 (προτρέψαιτε
804 3135 930 3204 Aldina),
955 3135 1049 3205 Symp.
1069 3141 1147 3188 2226
1168 3130 1362 3202 διοιγομένους

189 3213 220 3270 δὲ
241 3213 310 3269 ἰδών
329 3210 367 3270 άν
385 3235 426 3276 τις
446 3256 451 3267 .
473 3258 478 3269 .
499 3258 505 3270 .
526 3212 640 3284 εὑρήσει
659 3206 707 3283 (ud
726 3236 767 3278 τις
787 3256 793 3267 .
814 3257 820 3268 .
841 3255 846 3266 .
867 3209 979 3284 εὑρήσει
998 3214 1106 3282 Beki),
1128 3215 1209 3267 Isocr.
1230 3213 1307 3267 XVII
1328 3220 1360 3267 58

188 3289 255 3351 ὥστ’
285 3294 337 3350 oda
365 3289 401 3351 άν
431 3290 546 3357 εἰκότως
573 3296 638 3364 περὶ
666 3292 761 3364 ὀλίγον
792 3291 947 3364 ποιήσεσθε
982 3290 1161 3363 (ποιήσαισθε
1192 3294 1225 3346 Η.
1255 3294 1361 3363 Wolf),

187 3374 318 3430 Dinarch.
349 3377 359 3428 I
387 3381 422 3430 68
450 3377 479 3428 τί
508 3373 540 3430 δὲ
573 3370 610 3429 dv
644 3375 702 3445 (δαλ
733 3370 769 3429 άν
799 3375 895 3444 Oxon.)
921 3406 953 3416 —
977 3375 1104 3444 τιθῶμεν
1128 3370 1183 3443 γάρ
1211 3376 1300 3429 ταῦτα
1327 3407 1360 3416 -

188 3451 240 3511 ἐὰν
261 3499 267 3510 .
287 3499 293 3510 .
314 3498 319 3510 .
338 3451 446 3527 άπαιτῇ
466 3497 472 3511 .
494 3497 499 3508 .
521 3450 719 3524 ,Ἀλέξανδρος
736 3452 767 3509 τό
787 3456 901 3525 χρυσίον
921 3499 925 3509 .
948 3499 953 3510 ,
974 3497 994 3523 .,
1017 3456 1048 3508 τί
1064 3450 1184 3523 ἐροῦμεν
1204 3456 1243 3524 (τί
1259 3450 1287 3508 δ’
1309 3451 1361 3510 ε’άν

187 3535 398 3601 Funkhaenel.)
417 3536 430 3588 I
449 3542 498 3590 109
517 3531 586 3589 πολὺ
606 3531 660 3604 γάρ
679 3529 716 3589 δν
736 3533 913 3605 δικαιότερον
933 3531 1059 3603 ἐλεήσετε
1080 3531 1235 3604 (ε’λεήσαιτε
1256 3536 1360 3606 Dobr.)

187 3617 230 3670 06
250 3617 372 3685 quinque
392 3615 511 3685 optativi
530 3617 581 3672 fut.
602 3634 664 3670 cum
683 3611 720 3669 άν
739 3616 880 3672 coniuncti
902 3615 1037 3685 exemplis
1061 3617 1157 3687 (Arist.
1177 3617 1261 3686 Vesp.
1283 3623 1359 3671 1097.

186 3696 258 3751 Plat.
285 3697 369 3766 Legg.
396 3703 481 3751 7196.
510 3697 573 3765 Lys.
597 3697 610 3749 1
633 3704 675 3752 22,
702 3698 766 3766 Lyc.
793 3704 835 3752 14.
859 3701 903 3763 15)
931 3697 974 3751 ita
996 3695 1067 3750 dixit
1088 3695 1280 3750 Fassbaender
1303 3697 1321 3750 l.
1341 3696 1358 3750 l.

187 3794 214 3846 p.
235 3782 269 3830 55
280 3793 339 3844 sqq.
364 3778 396 3830 ut
417 3776 489 3830 nihil
512 3778 671 3831 addendum
690 3777 734 3832 sit.
771 3776 905 3832 Infinitivi
923 3778 994 3831 haec
1016 3777 1168 3832 habentur:
1196 3774 1279 3845 Soph.
1300 3775 1358 3831 00.

188 3862 257 3911 1077
277 3852 314 3919 ὡς
332 3857 496 3926 προμνᾶταί
510 3877 537 3910 τι
556 3874 603 3926 μοι
622 3853 718 3925 γνώμα
736 3854 800 3926 τάχ’
821 3851 857 3911 dv
876 3854 978 3912 δώσειν
1000 3851 1075 3925 (τάχ’
1096 3851 1231 3910 ἐνδώσειν
1251 3857 1359 3926 schol),

187 3936 251 3990 Eur.
266 3937 328 3992 Hel.
343 3942 395 3990 448
410 3933 528 4005 πικροὺς
542 3930 578 3990 δν
596 3932 655 4005 (ἄρ’
670 3936 776 4008 Herm.)
790 3933 872 4007 οἶμαί
887 3932 914 4006 γ’
931 3933 1062 4005 άγγελεῖν
1080 3935 1146 3998 τοὺς
1165 3930 1232 3998 neris
1250 3931 1358 4004 λόγους,

186 4015 301 4085 Antiph.
326 4016 364 4070 VI
388 4023 404 4070 4
430 4013 547 4082 ἐλπίζων
571 4010 659 4079 oritus
682 4010 717 4070 διν
741 4012 840 4085 ἄριστα
868 4012 985 4085 πράξειν
1013 4017 1129 4085 (πρᾶξαι
1152 4017 1261 4087 Deba),
1288 4015 1358 4072 Χ66.

186 4097 259 4151 Hiet.
279 4097 325 4150 Gr.
342 4095 421 4163 1112,
439 4103 470 4150 12
491 4090 579 4158 οὕτως
597 4089 633 4149 liv
653 4092 764 4163 ἔφασαν
783 4092 898 4166 τάχιστα
916 4097 1041 4165 νομίζειν
1061 4091 1149 4150 αὐτόν
1168 4092 1358 4164 συγχωρήσειν

186 4177 375 4247 (συγχωρῆσαι
395 4178 499 4245 Dobr.),
518 4177 570 4246 Ag.
587 4183 611 4241 7,
627 4184 641 4230 7
663 4173 691 4241 ἔξ
711 4167 743 4244 ἧς
763 4172 799 4233 διν
814 4175 915 4247 ἡγῆται
934 4172 1044 4247 μάλιστ’
1065 4170 1102 4232 div
1120 4174 1248 4246 (μάλιστα
1263 4176 1359 4248 Dind.)

185 4252 259 4326 ἡμᾶς
269 4252 398 4324 άλλήλοις
407 4253 587 4327 πολεμήσειν,
598 4259 666 4310 lsac.
675 4256 700 4310 V
710 4264 743 4310 23
754 4253 907 4328 ήγοόμενοι
917 4254 970 4326 γάρ
981 4253 1033 4311 oda
1043 4253 1080 4311 διν
1090 4253 1179 4311 αὐτόν
1191 4253 1356 4328 βεβαιώσειν

186 4339 352 4412 (βεβαιῶσαι
366 4336 480 4406 Nabar),
494 4338 638 4392 Demosth.
655 4338 744 4391 XXIV
761 4345 811 4394 115
826 4339 923 4393 πολλοὶ
936 4337 989 4407 γὰρ
1004 4330 1041 4393 tv
1056 4333 1132 4409 αότῷ
1148 4331 1268 4403 ἐδόκουν
1283 4333 1356 4394 οὕτω

184 4414 214 4488 γ’
235 4417 265 4474 οἱ
280 4418 398 4474 κλέπται
418 4416 535 4496 ἔσεσθαι
558 4419 719 4489 (delendum
743 4423 787 4475 est
805 4415 842 4474 άν
862 4438 895 4475 ex
914 4415 1073 4486 insequenti
1090 4411 1166 4489 αότῷ
1185 4417 1355 4489 repetitum).
