3104 5078
660 335 879 399 ..63-

184 524 232 573 αις
255 503 390 576 exempla
412 501 618 574 inveniuntur,
647 500 725 574 apud
750 500 880 574 tragicos
905 499 962 559 duo
986 501 1148 577 Euripiden
1173 493 1257 581 (nam
1281 502 1357 563 Med.

189 602 271 659 1109
292 619 387 675 neque
406 600 437 658 in
457 600 591 659 diverbio
611 601 656 657 est
676 601 707 655 ct
725 597 767 655 ihi
786 596 921 656 Prinzius
940 601 1020 658 recte
1040 600 1219 674 scripturam
1237 592 1358 676 κυρήσει

185 689 356 776 praetulit),
390 717 467 773 quae
500 696 643 756 facillimo
675 695 796 771 negotio
828 696 938 772 corrigi
970 701 1081 773 queant
1113 692 1248 780 (legatur
1281 698 1359 756 enim

185 797 262 855 Med.
287 797 350 855 325
379 788 546 867 ἀναπείσεις
573 789 641 854 ποτέ
669 812 723 868 pro
752 785 790 852 dv
816 792 930 866 πείσαις
957 791 1026 854 ποτέ
1059 798 1089 854 et
1116 795 1181 871 Iph.
1210 796 1244 854 Τ.
1275 797 1354 854 1184

185 889 283 975 σοι’σῃς
315 913 369 970 pro
403 886 539 975 σοι’σαις),
577 893 657 970 apud
689 892 922 967 Aristophanem
956 895 1100 968 quattuor
1132 913 1208 969 quae
1240 894 1360 969 quidem

185 993 332 1051 removeri
360 995 521 1067 nequeant,
551 1011 676 1067 quorum
705 991 763 1048 duo
792 985 895 1068 (Vesp.
921 994 993 1052 572.
1024 986 1101 1069 726)
1131 992 1161 1049 in
1189 995 1360 1068 anapaestis

187 1094 257 1148 sunt
281 1109 375 1166 eaque
398 1109 429 1149 re
454 1090 674 1151 excusationem
695 1088 808 1146 hahent
830 1081 881 1168 (cf.
902 1088 1039 1149 Rutherf.
1059 1090 1096 1147 ad
1111 1081 1226 1164 'Phryn
1246 1108 1274 1163 p.
1294 1082 1361 1167 51),

187 1189 245 1246 duo
268 1188 300 1246 in
323 1188 411 1246 Pluto
434 1188 538 1246 fabula
563 1181 672 1266 (1036.
699 1178 808 1265 1134).
856 1185 899 1245 Cf.
924 1186 1060 1269 Rutherf.
1084 1188 1103 1246 l,
1128 1187 1147 1244 l.
1171 1207 1198 1261 p.
1223 1187 1361 1260 423sqq.

187 1287 293 1360 Itaque
316 1303 375 1344 non
399 1287 496 1344 solum
519 1284 566 1342 III
590 1286 642 1360 49,
667 1286 685 1343 3
710 1271 863 1359 φθάσειαν
885 1304 939 1359 pro
969 1279 1120 1362 φθάσαιεν
1143 1290 1174 1342 et
1197 1284 1225 1342 V
1251 1286 1359 1356 111,1

187 1381 338 1460 νομίσειαν
361 1401 415 1458 pro
439 1382 600 1459 νομίσαιεν,
624 1381 676 1440 sed
700 1382 790 1439 etiam
810 1381 841 1438 II
861 1383 912 1455 49,
933 1384 951 1439 3
976 1382 1133 1459 στηρίξειεν
1155 1401 1210 1458 pro
1234 1381 1364 1458 στηρίξαι

187 1485 218 1539 et
241 1481 271 1538 Π
296 1483 346 1558 84,
371 1483 389 1538 2
419 1473 606 1539 ἐκπνεύσειεν
628 1498 682 1555 pro
705 1472 862 1538 ἐκπνεύσω
891 1481 1061 1554 reponenda
1090 1483 1171 1556 sunt3
1200 1480 1242 1537 IV
1268 1482 1318 1554 62,
1343 1482 1361 1538 2

188 1581 303 1651 autem,
337 1579 387 1653 qui
418 1579 500 1638 locus
534 1578 625 1637 etiarn
657 1577 716 1634 alio
749 1577 822 1637 vitio
856 1581 1014 1654 corruptus
1048 1581 1106 1653 est,
1144 1579 1365 1640 Herwerdcnus

189 1675 356 1735 certissima
384 1677 590 1736 emendatione
617 1675 782 1734 infinitivos
810 1677 922 1735 παῦσαι
946 1680 977 1734 et
1000 1675 1198 1747 ξονδιασῶσαι
1221 1678 1364 1737 restituit.

190 1773 397 1832 Macedonicae
430 1775 538 1834 aetatis
569 1793 635 1834 esse
665 1773 910 1848 imperativorum
938 1775 1050 1832 formas
1078 1776 1109 1832 in
1138 1791 1219 1834 ωσαν
1246 1779 1365 1836 veteres

190 1871 310 1929 Atticae
337 1870 546 1946 inscriptiones
576 1865 626 1951 (ef.
652 1871 805 1930 Meisterh.
829 1869 848 1946 ξ
873 1874 925 1950 39,
950 1863 984 1951 7)
1014 1877 1044 1932 et
1070 1878 1228 1948 poctarum
1257 1875 1366 1934 scaeni-

191 1988 293 2027 corum
317 1988 414 2026 sermo
434 1989 492 2027 uno
512 1988 659 2028 consensu
678 1969 830 2027 affirmant
850 1963 934 2047 (Eur.
954 1970 1019 2045 Iph.
1040 1971 1072 2030 T.
1095 1973 1181 2030 1480
1200 1972 1297 2031 facilis
1321 1977 1368 2030 est

192 2066 359 2125 emendatio
388 2065 429 2138 εἰς
457 2060 513 2144 σὴν
541 2060 647 2127 ἰόντων
676 2085 731 2142 pro
759 2065 868 2125 ἴτωσαν
895 2067 937 2139 εἰς
964 2059 1045 2148 σὴν).
1096 2067 1194 2138 Quare
1223 2070 1237 2127 I
1266 2073 1317 2146 34,
1349 2075 1363 2128 1

192 2154 363 2241 μαθόντων,
387 2164 433 2221 III
453 2167 504 2240 39,
524 2168 542 2224 6
564 2161 779 2239 κολασθέντων,
803 2165 849 2223 III
870 2167 920 2242 67,
941 2168 958 2224 2
985 2159 1186 2241 ὥφελείσθων,
1211 2167 1255 2225 IV
1276 2170 1327 2243 92,
1348 2171 1365 2227 7

191 2256 330 2320 ατοὶσθων
364 2262 483 2321 restitui
511 2263 613 2340 debet3
646 2281 701 2338 pro
725 2259 866 2338 ἔστωσαν,
896 2263 975 2339 quod
999 2262 1072 2321 VIII
1098 2266 1147 2338 18,
1174 2266 1192 2322 3
1222 2264 1366 2344 traditum

192 2363 251 2432 est,
278 2361 310 2417 in
338 2359 445 2419 Atticis
476 2361 597 2436 quidem
624 2361 723 2419 titulis
752 2364 799 2420 est
825 2356 922 2422 ὅντων
950 2356 1115 2441 (Meisterh.
1145 2361 1240 2437 ἓ42,
1270 2365 1299 2438 2,
1324 2357 1367 2444 2),

188 2458 245 2515 sed
272 2477 339 2516 cum
366 2459 435 2517 inde
464 2459 578 2518 factum
607 2476 672 2517 esse
702 2454 832 2517 ἔστωσαν
858 2460 956 2518 minus
985 2460 1048 2519 veri
1077 2460 1117 2519 sit
1141 2461 1249 2534 simile,
1278 2459 1368 2521 ἔστων
1405 2466 1410 2476 “

194 2555 417 2614 rescribendum
441 2576 506 2616 esse
526 2560 675 2632 putamus,
700 2557 778 2630 quod
802 2575 898 2632 neque
917 2558 1036 2616 omnino
1055 2557 1093 2615 ab
1112 2558 1282 2617 Atticorum
1302 2579 1368 2618 eon-

195 2653 353 2711 suetudine
385 2655 505 2713 videtur
537 2654 668 2712 alienum
699 2652 793 2713 fuisse
826 2649 875 2733 (cf.
907 2655 985 2715 Plat.
1018 2656 1091 2731 Rep.
1123 2657 1187 2716 502
1219 2676 1244 2716 a.
1275 2657 1368 2734 Legg.

197 2751 259 2809 759
275 2742 306 2828 ο)
326 2753 365 2827 et,
385 2751 411 2810 si
429 2752 546 2826 fuisset,
569 2752 600 2809 in
617 2751 738 2811 foedere
757 2751 1058 2811 Lacedaemoniorum
1081 2772 1148 2811 cum
1169 2754 1368 2830 Tissapherne

196 2849 320 2907 eandem
348 2849 568 2909 excusationem
596 2849 721 2908 haberet
749 2853 838 2924 atque
866 2845 906 2928 ἥν
932 2855 962 2910 et
985 2844 1070 2928 ἐπήν.
1117 2852 1367 2910 Terminationeni

194 2946 346 3021 Doricam,
385 2967 475 3023 quam
507 2947 603 3006 Attici
639 2951 810 3006 constanter
846 2949 1049 3007 adhibuerunt
1079 2949 1182 3007 futuro
1214 2952 1369 3026 πεσοῢμαι,
1424 2996 1429 3003 .

195 3047 301 3120 poetae
333 3044 460 3103 scaenici
487 3045 539 3103 ubi
567 3048 697 3103 metrum
724 3046 898 3122 postulabat
921 3047 1011 3105 ctiam
1034 3047 1066 3104 in
1089 3046 1256 3124 φενξοῦμαι
1285 3039 1370 3128 (Eur.

197 3142 273 3201 Med.
299 3144 371 3201 338.
396 3145 470 3203 341.
495 3145 567 3203 346.
589 3143 658 3203 Hel.
678 3144 751 3203 500.
778 3148 872 3207 1041.
895 3146 988 3204 Arist.
1008 3145 1080 3204 Ach.
1103 3147 1197 3204 1129.
1219 3145 1275 3205 Av.
1297 3149 1369 3204 932.

196 3240 274 3298 Nub.
299 3241 371 3298 443.
394 3239 472 3298 Plut.
498 3243 570 3300 447.
596 3233 676 3320 496)
705 3244 735 3299 et
756 3245 942 3320 πνενσοῦμαι
966 3236 1072 3322 (ArIst.
1098 3243 1171 3302 Ran.
1197 3235 1297 3322 1221)
1321 3244 1372 3300 ed-

197 3338 343 3396 miserunt
375 3330 539 3418 (peculiare
572 3339 651 3397 enim
683 3342 729 3397 est
760 3343 942 3419 κλαοσοῦμαι
972 3343 1004 3400 in
1031 3341 1211 3401 hexametris
1239 3341 1370 3418 positum

197 3436 291 3496 Arist.
313 3436 380 3494 Pac.
401 3429 513 3516 1081),
536 3455 633 3512 neque
655 3437 842 3513 intellegitur
865 3459 918 3498 cur
940 3440 1020 3516 quod
1043 3439 1073 3497 in
1098 3439 1165 3497 aliis
1188 3438 1288 3498 verbis
1312 3456 1372 3495 non

198 3536 334 3593 fecerunt
359 3534 391 3592 in
418 3534 465 3592 hie
494 3533 552 3593 sibi
580 3535 793 3609 concesserint,
820 3536 878 3594 nisi
905 3555 959 3611 per
985 3536 1080 3612 ipsius
1104 3535 1198 3594 Attici
1227 3536 1372 3595 sermonis

198 3650 286 3690 usum
309 3631 340 3690 id
363 3627 507 3691 licuisset.
544 3630 674 3701 Quodsi
696 3633 740 3692 ita
762 3636 817 3710 est,
840 3653 877 3692 ne
901 3634 957 3695 hoc
981 3635 1100 3711 quidem
1123 3634 1244 3693 videtur
1267 3634 1372 3709 negari

199 3747 296 3806 posse,
319 3729 398 3788 idem
419 3731 450 3787 in
472 3729 564 3789 verbo
587 3732 672 3789 πλεῖν
694 3730 807 3788 facturn
828 3750 902 3809 esse,
925 3734 1009 3792 cuius
1032 3733 1168 3792 futurum
1191 3734 1373 3808 πλευσοῦμαι

200 3825 278 3901 apud
316 3825 369 3884 Th.
402 3826 629 3901 Xenophontem
667 3827 899 3889 Demosthenem
936 3829 1100 3889 identidem
1135 3829 1281 3889 traditum
1319 3834 1374 3890 est.

199 3925 361 3984 Poetarum
394 3925 596 3984 scaenicorum
626 3943 683 3983 usu
715 3924 747 3982 in
778 3925 834 3983 hoe
866 3930 957 3987 verbo
985 3927 1060 3985 nihil
1091 3926 1273 4002 decernitur,
1306 3948 1374 3988 curn

200 4022 343 4099 simplicis
370 4022 454 4081 nulla
481 4023 561 4098 apud
575 4010 639 4081 'eos
667 4022 803 4097 exempla
830 4025 961 4098 exstent,
994 4025 1150 4101 compositi
1181 4045 1273 4084 unum
1301 4042 1374 4102 σνμ-

200 4112 361 4198 πλεύσομαι
374 4121 446 4182 Eur.
461 4121 528 4181 Hel.
545 4124 639 4197 1067,
660 4122 745 4182 cuius
764 4122 861 4180 forma
875 4121 984 4182 Dorica
1003 4122 1122 4181 omnino
1142 4124 1226 4180 extre
1244 4125 1373 4180 metrum

201 4218 309 4294 tragici
342 4218 454 4295 dialogi
486 4224 541 4280 cst.
592 4220 700 4295 Itaque
726 4219 854 4279 nimium
883 4221 1002 4280 videtur
1030 4219 1208 4280 contendere
1236 4220 1375 4280 Rutherf.

201 4319 220 4376 l.
244 4318 263 4374 l.
287 4337 314 4391 p.
340 4319 391 4375 93.
436 4315 625 4392 Optimorum
653 4319 735 4378 codd.
764 4319 944 4378 auctoritate
972 4318 1217 4378 commendantur
1247 4319 1375 4393 optativi

201 4417 240 4475 ad
264 4413 489 4474 similitudinem
512 4418 672 4478 verborum
696 4420 917 4477 contractorum
940 4417 1063 4476 formati
1091 4412 1285 4493 ἕπνθοίμεθα,
1313 4413 1374 4476 ἐπι-
