3104 5078
531 336 543 375 ··
628 337 846 400 —31-

150 498 289 579 ἐθελῆσαι
312 493 350 560 διν
373 494 523 578 ἅψασθαι,
546 505 601 559 aut
623 501 843 560 rescribendum
867 502 909 574 τίς
932 498 1074 582 ἐπιστήμη
1097 507 1202 564 πασῶν
1221 504 1321 580 διαφε-

149 593 260 676 ρόντως
287 599 403 678 μεγίστη
432 593 510 679 (scil.
538 591 612 680 ἔστί)
635 621 661 659 κ.
684 622 707 658 τ.
730 603 768 675 λ.,
799 619 925 675 quocum
949 604 985 661 of.
1010 603 1102 662 Thuc.
1126 603 1202 660 VIII
1226 606 1276 676 68,
1301 606 1319 661 3

148 692 273 775 παρέσχε
301 745 306 756 .
333 742 338 755 .
363 743 371 758 .
403 690 509 757 ἑαυτὸν
541 686 662 756 πόντων
695 690 894 772 διαφερόντως
926 694 1151 777 προθυμότατον
1185 704 1216 758 et
1242 700 1320 760 Plat.

149 795 230 854 Prot.
256 795 351 854 349d
373 788 597 872 ἀνδρειοτάτους
620 790 653 852 δὲ
676 788 885 872 διαφερόντως.

707 1018 759 1086 Vl.

237 1157 376 1217 Omnium
394 1159 672 1236 frequentissimum
690 1158 833 1218 vitiorum
851 1179 946 1235 genus
964 1162 995 1219 id
1015 1163 1158 1240 estquod
1181 1162 1211 1220 in
1235 1181 1321 1222 voca·
1367 1153 1370 1158 ’

148 1257 289 1315 bulorum
320 1258 424 1317 formis
456 1260 605 1317 versatur.
655 1256 806 1332 Imprimis
840 1260 941 1317 autem
972 1260 1004 1318 in
1034 1259 1204 1320 Atticorum
1235 1261 1321 1319 libris

147 1355 255 1413 accidit
286 1360 320 1414 ut
352 1357 553 1431 posteriorum
584 1360 754 1432 temporum
784 1356 925 1431 loquendi
952 1377 1010 1417 usu
1038 1359 1321 1417 contaminarentur.

146 1452 181 1510 Iu
209 1455 307 1512 locum
335 1455 414 1513 onim
442 1455 605 1514 formarum
632 1475 702 1515 vare
729 1452 900 1511 Atticarum
932 1455 1062 1516 librariis
1094 1458 1186 1516 etiam
1217 1457 1321 1516 invitis

88 1623 89 1627 Ἰ
146 1548 297 1607 interdum
330 1570 383 1610 eae
416 1553 525 1628 quibus
557 1553 615 1628 ipsi
646 1554 803 1611 uterentur
835 1552 984 1613 subibant.
1039 1555 1125 1624 Quod
1156 1554 1230 1613 adeo
1262 1574 1321 1613 non

148 1647 256 1706 mirum
289 1654 335 1709 est
363 1654 410 1727 ut,
443 1652 469 1710 si
496 1671 555 1710 nou
582 1652 694 1710 factum
723 1652 816 1727 essct,
848 1651 950 1710 mirari
979 1657 1140 1728 oporteret
1190 1653 1322 1710 Tantum

146 1745 240 1821 igitur
267 1748 354 1807 abest
382 1752 417 1807 ut
444 1750 624 1808 temeritatis
653 1748 811 1807 accusandi
840 1750 901 1808 sint
928 1751 979 1826 qui
1011 1751 1042 1809 in
1074 1753 1129 1810 hoc
1161 1770 1272 1828 genere
1303 1768 1322 1807 a

145 1843 291 1903 librorum
320 1848 500 1907 auctoritate
529 1848 726 1907 recedendum
752 1865 817 1906 esse
840 1852 962 1924 putant,
990 1852 1024 1906 ut
1048 1868 1150 1907 eorum
1173 1850 1322 1923 vitupera-

146 1944 228 2000 tores
252 1943 385 2004 levitatis
409 1945 532 2005 crimine
555 1945 662 2003 merito
691 1943 870 2004 afficiantur.
917 1946 1106 2022 Thucydides
1130 1951 1230 2005 autem
1254 1965 1321 2004 cum

146 2039 184 2095 ab
212 2039 277 2113 ipso
300 2041 470 2118 Phrynicho
498 2042 578 2101 inter
605 2042 798 2116 gravissimos
827 2044 895 2118 puri
923 2047 1012 2120 atque
1040 2045 1204 2119 incorrupti
1226 2043 1322 2102 Attici

147 2137 291 2197 sermonis
311 2144 448 2200 auctores
468 2141 638 2200 nominatus
658 2139 698 2198 sit
714 2132 814 2219 (Phot.
829 2141 901 2200 bibl.
920 2163 949 2217 p.
966 2143 1063 2220 101b,
1078 2147 1107 2203 4.
1138 2141 1182 2201 Of.
1196 2142 1321 2218 Dionys.

145 2233 214 2293 Hal.
233 2256 261 2310 p.
282 2231 371 2317 454),
395 2238 587 2315 dignissimus
607 2240 655 2296 est
678 2238 725 2296 cui
744 2239 892 2313 genuinus
916 2241 980 2299 eius
1003 2241 1083 2300 nitor
1107 2241 1216 2315 ubique
1234 2240 1321 2297 resti-

143 2335 257 2391 tuatur.
288 2335 353 2404 Qua
372 2338 408 2395 de
426 2359 459 2397 ro
478 2356 545 2395 cum
564 2335 784 2394 Herwcrdenus
804 2337 835 2394 in
854 2336 967 2396 Studiis
987 2339 1080 2398 Thuc.
1099 2359 1126 2413 p.
1144 2339 1319 2396 111-134

144 2430 188 2488 ita
211 2432 319 2491 dixerit
342 2438 390 2512 ut,
419 2435 555 2510 quamvis
579 2433 616 2492 de
639 2435 790 2493 nonnullis
814 2439 896 2495 recte
919 2436 1104 2512 iudicaverit,
1126 2455 1187 2495 non
1209 2436 1320 2510 ubique

144 2532 245 2588 tamen
264 2532 338 2590 satis
358 2538 495 2593 accurate
515 2537 546 2592 et
560 2534 647 2591 caute
661 2551 784 2590 munere
802 2537 940 2609 suscepto
955 2534 1075 2592 functus
1091 2553 1156 2594 esse
1170 2533 1317 2605 videatur,

143 2628 174 2684 in
201 2630 304 2688 eadem
331 2631 508 2707 inquirendo
536 2650 596 2689 non
623 2631 693 2689 acta
719 2649 767 2688 mc
796 2633 933 2689 acturum
961 2651 1026 2691 esse
1053 2631 1175 2690 confido.
1222 2631 1320 2689 Multa

144 2726 264 2801 quidem
291 2729 441 2804 proferam
470 2749 546 2805 quae
574 2731 612 2787 ab
640 2728 694 2787 illo
717 2729 843 2803 aliisque
867 2733 948 2788 recte
972 2731 1132 2790 observata
1155 2731 1238 2802 sunt,
1267 2728 1320 2785 uli-
1395 2738 1399 2745 '

142 2825 280 2897 quotiens
312 2830 414 2885 tamen
445 2846 546 2886 meum
581 2827 770 2900 interponere
807 2826 950 2885 iudicium
988 2828 1097 2887 licebit.
1153 2825 1317 2901 Complura

142 2920 231 2981 huius
255 2925 375 3000 generis
399 2944 571 3002 quanquam
594 2925 654 2982 iam
677 2925 759 2981 recte
783 2923 950 2983 docuerunt
977 2928 1095 2984 veteres
1120 2923 1317 2999 grammatici,

141 3038 200 3077 non
223 3024 325 3081 tamen
348 3023 460 3098 ubique
483 3042 588 3081 eorum
610 3021 722 3080 iudicio
746 3021 953 3081 confidendum
976 3026 1032 3098 est,
1055 3022 1167 3098 quippe
1186 3023 1315 3097 quinon

142 3119 240 3176 omnia
269 3122 342 3179 satis
371 3122 532 3197 diligenter
560 3120 786 3180 observaverint
815 3124 846 3178 ct
869 3122 989 3197 saepius
1012 3121 1092 3178 inter
1116 3140 1147 3179 se
1171 3122 1317 3194 pugnent.

143 3213 201 3270 Sed
225 3217 261 3273 ad
287 3237 390 3276 eorum
414 3220 580 3277 doctrinam
603 3220 662 3277 alia
691 3218 869 3293 cognitionis
899 3219 1035 3277 subsidia
1063 3218 1221 3290 accedunt,
1249 3234 1318 3273 ana-

142 3311 223 3387 logia
247 3315 310 3374 sive
333 3317 428 3390 ipsius
447 3317 570 3392 linguae
589 3318 666 3376 ratio
686 3321 777 3389 atque
796 3334 911 3392 norma,
934 3315 1143 3390 inscriptiones
1164 3314 1318 3389 scriptoris

141 3412 235 3469 aetati
259 3433 417 3489 suppares,
448 3419 605 3490 poctarum
630 3416 833 3474 scaenicorum
856 3432 945 3489 usus,
974 3415 1055 3489 apud
1082 3431 1158 3489 quos
1187 3413 1317 3470 metrum

140 3511 219 3567 veris
244 3511 346 3571 formis
370 3513 519 3587 praesidio
543 3518 616 3590 erat,
641 3515 769 3589 denique
790 3511 951 3571 universus
971 3514 1154 3587 optimorum
1172 3513 1318 3592 librorum

141 3625 303 3667 consensus
335 3611 387 3669 ubi
420 3613 500 3670 iusta
532 3615 662 3688 ratione,
694 3629 753 3670 non
785 3610 870 3669 falsis
904 3612 1095 3669 librariorum
1128 3611 1317 3686 opinionibus

141 3701 256 3760 nititur.
295 3703 501 3766 certissimum
520 3714 622 3768 autem
641 3709 809 3769 subsidium
830 3709 868 3766 ad
889 3709 1128 3783 cognoscendum
1151 3727 1317 3766 sermonem

140 3799 276 3857 Atticum
296 3805 327 3859 et
346 3823 432 3862 veras
451 3808 666 3866 vocabulorum
680 3808 791 3865 formas
807 3806 992 3881 indagandas
1008 3807 1217 3882 inscriptiones
1231 3825 1316 3882 prae·

141 3898 221 3973 bont,
246 3900 302 3957 etsi
322 3901 504 3976 scriptorum
523 3903 639 3962 dicendi
658 3924 732 3965 usus
753 3922 812 3960 non
831 3904 950 3962 omnino
969 3923 1036 3962 cum
1056 3924 1159 3964 earum
1182 3923 1317 3964 sermone

139 3999 286 4074 congruit.
344 3999 451 4075 Itaque
485 4002 648 4061 maximum
680 4002 812 4061 fructum
846 4003 919 4061 haec
951 4004 1089 4078 quaestio
1120 4006 1249 4080 percipit
1281 4024 1316 4063 cx

138 4097 260 4156 illarum
283 4100 509 4159 collectionibus
532 4104 637 4160 nostra
659 4103 760 4160 aetate
783 4100 870 4161 factis
879 4096 903 4182 ¹)
932 4105 963 4160 et
986 4122 1063 4178 quae
1088 4104 1154 4160 binc
1178 4103 1314 4177 profecta

212 4270 237 4334 1)
268 4268 302 4322 Ol
322 4297 355 4313 =
375 4271 481 4339 Corpus
509 4272 591 4326 inser.
620 4272 663 4325 ed.
693 4272 818 4339 Boechh,
848 4272 907 4326 CIA
927 4299 960 4318 =
981 4271 1087 4340 Corpus
1115 4271 1197 4326 inser.
1222 4273 1316 4340 Attio,

141 4349 178 4400 IA
199 4376 232 4393 =
252 4351 336 4403 lnscr.
362 4352 485 4406 Graecae
509 4352 721 4420 antiquissimae
749 4354 861 4420 praeter
884 4352 994 4405 Atticas
1021 4352 1049 4404 in
1074 4352 1169 4406 Attica
1191 4357 1316 4421 repertas

139 4434 182 4485 ed.
194 4429 294 4496 Roebl,
310 4430 354 4483 bs
366 4457 399 4475 =
411 4431 524 4501 Sylloge
538 4433 619 4486 inser.
632 4433 801 4486 Graecarum
812 4434 854 4486 ed.
865 4433 1071 4500 Dittenberger‚
1087 4431 1132 4485 OD
1141 4461 1175 4478 =
1184 4432 1315 4488 Delectue
